id,Segment,Country,Product,Units Sold,Manufacturing,Sale Price,Gross Sales,Discounts,Discount Band,Sales,COGS,Profit,Date,Month Number,Month Name
1,orchestration,France,sagittis,2848,35.68,86.816,247251.968,,None,247251.968,145635.328,145635.328,10/18/2017 0:00,10,October
2,analyzing,Bolivia,pharetra,275,173.33,324.996,89373.9,,None,89373.9,41708.15,41708.15,9/2/2010 0:00,9,September
3,Compatible,Poland,mi,102,130.14,200.168,20417.136,,None,20417.136,7142.856,7142.856,7/20/2014 0:00,7,July
4,structure,Russia,mi,4308,149.83,194.796,839181.168,,None,839181.168,193713.528,193713.528,1/25/2021 0:00,1,January
5,strategy,Canada,id,948,3.96,58.752,55696.896,,None,55696.896,51942.816,51942.816,7/2/2021 0:00,7,July
6,Total,China,sit,2783,83.79,298.548,830859.084,,None,830859.084,597671.514,597671.514,12/1/2011 0:00,12,December
7,portal,China,vel,875,196.52,287.824,251846,,None,251846,79891,79891,3/18/2019 0:00,3,March
8,Triple-buffered,Nigeria,vulputate,762,142.01,217.412,165667.944,,None,165667.944,57456.324,57456.324,10/5/2019 0:00,10,October
9,projection,China,pretium,3831,41.62,195.944,750661.464,0.07,Discount Applied,750661.464,591215.244,591215.244,3/30/2016 0:00,3,March
10,Customizable,Indonesia,lectus,2264,147.96,227.552,515177.728,,None,515177.728,180196.288,180196.288,6/25/2020 0:00,6,June
11,secondary,Chile,nec,1327,202.47,275.964,366204.228,0.06,Discount Applied,366204.228,97526.538,97526.538,2/14/2015 0:00,2,February
12,Multi-tiered,Moldova,maecenas,2822,192.97,289.564,817149.608,,None,817149.608,272588.268,272588.268,5/14/2017 0:00,5,May
13,Persistent,Ukraine,lacinia,3647,145.16,213.192,777511.224,,None,777511.224,248112.704,248112.704,3/1/2021 0:00,3,March
14,Progressive,France,vel,1829,41.88,70.256,128498.224,,None,128498.224,51899.704,51899.704,11/19/2021 0:00,11,November
15,Open-architected,China,magna,655,44.55,120.46,78901.3,,None,78901.3,49721.05,49721.05,6/30/2012 0:00,6,June
16,Customizable,Nicaragua,est,2481,232.63,329.156,816636.036,,None,816636.036,239481.006,239481.006,9/5/2013 0:00,9,September
17,productivity,France,pulvinar,2399,120.39,296.468,711226.732,,None,711226.732,422411.122,422411.122,12/7/2016 0:00,12,December
18,multi-state,Mexico,massa,1993,190.91,237.092,472524.356,0.04,Discount Applied,472524.356,92040.726,92040.726,3/16/2015 0:00,3,March
19,matrices,China,diam,3622,110.64,140.768,509861.696,,None,509861.696,109123.616,109123.616,12/10/2020 0:00,12,December
20,initiative,China,habitasse,3775,169.97,280.964,1060639.1,,None,1060639.1,419002.35,419002.35,10/28/2010 0:00,10,October
21,standardization,Malawi,ipsum,4144,43.14,130.768,541902.592,,None,541902.592,363130.432,363130.432,7/8/2015 0:00,7,July
22,encoding,Portugal,pretium,4365,180.25,400.3,1747309.5,,None,1747309.5,960518.25,960518.25,3/30/2012 0:00,3,March
23,asymmetric,Sweden,ut,2976,103.57,195.284,581165.184,,None,581165.184,272940.864,272940.864,12/11/2010 0:00,12,December
24,productivity,Russia,vel,2646,178.72,240.464,636267.744,,None,636267.744,163374.624,163374.624,3/23/2012 0:00,3,March
25,Diverse,Chile,in,1169,193.27,331.924,388019.156,,None,388019.156,162086.526,162086.526,7/11/2016 0:00,7,July
26,workforce,China,accumsan,2848,148.49,202.188,575831.424,,None,575831.424,152931.904,152931.904,2/5/2013 0:00,2,February
27,Function-based,China,sit,670,15.49,68.588,45953.96,,None,45953.96,35575.66,35575.66,6/15/2010 0:00,6,June
28,leading edge,Portugal,nec,2277,141,192.2,437639.4,,None,437639.4,116582.4,116582.4,12/9/2015 0:00,12,December
29,array,Mexico,est,2480,193.39,342.068,848328.64,,None,848328.64,368721.44,368721.44,3/5/2014 0:00,3,March
30,portal,China,turpis,2472,181.31,371.572,918525.984,,None,918525.984,470327.664,470327.664,11/30/2015 0:00,11,November
31,stable,China,sit,1014,92.56,299.072,303259.008,,None,303259.008,209403.168,209403.168,6/6/2021 0:00,6,June
32,leading edge,Benin,luctus,1570,216.64,314.968,494499.76,,None,494499.76,154374.96,154374.96,4/2/2012 0:00,4,April
33,executive,Iran,dis,2153,60.7,129.84,279545.52,,None,279545.52,148858.42,148858.42,4/24/2021 0:00,4,April
34,Networked,Palestinian Territory,dapibus,2832,33.82,85.584,242373.888,,None,242373.888,146595.648,146595.648,11/24/2015 0:00,11,November
35,neural-net,China,quis,2326,32.56,228.072,530495.472,,None,530495.472,454760.912,454760.912,3/31/2014 0:00,3,March
36,dynamic,Brazil,rhoncus,1758,49.29,68.148,119804.184,,None,119804.184,33152.364,33152.364,12/31/2015 0:00,12,December
37,hierarchy,China,amet,3670,240.51,410.612,1506946.04,,None,1506946.04,624274.34,624274.34,5/29/2017 0:00,5,May
38,well-modulated,Indonesia,sit,4152,109.48,240.376,998041.152,,None,998041.152,543480.192,543480.192,3/26/2016 0:00,3,March
39,middleware,Brazil,accumsan,3069,150.38,249.456,765580.464,0.02,Discount Applied,765580.464,304064.244,304064.244,6/4/2020 0:00,6,June
40,Front-line,Indonesia,at,3632,127.65,349.18,1268221.76,0.09,Discount Applied,1268221.76,804596.96,804596.96,6/24/2012 0:00,6,June
41,Cloned,China,vestibulum,4201,170.07,331.084,1390883.884,0.04,Discount Applied,1390883.884,676419.814,676419.814,1/26/2012 0:00,1,January
42,intermediate,Indonesia,mattis,2434,12.8,143.36,348938.24,,None,348938.24,317783.04,317783.04,10/1/2017 0:00,10,October
43,dynamic,China,ut,3593,47.11,138.532,497745.476,,None,497745.476,328479.246,328479.246,3/10/2015 0:00,3,March
44,Adaptive,Israel,augue,1998,197.48,278.976,557394.048,,None,557394.048,162829.008,162829.008,3/11/2019 0:00,3,March
45,task-force,China,sed,2869,166.6,271.92,780138.48,,None,780138.48,302163.08,302163.08,6/17/2019 0:00,6,June
46,Reduced,Dominican Republic,ut,1102,127.35,304.82,335911.64,,None,335911.64,195571.94,195571.94,11/15/2010 0:00,11,November
47,Optional,Portugal,non,1349,153.53,294.236,396924.364,,None,396924.364,189812.394,189812.394,1/25/2014 0:00,1,January
48,Extended,United States,congue,3630,105.24,299.288,1086415.44,,None,1086415.44,704394.24,704394.24,6/27/2017 0:00,6,June
49,leading edge,Russia,faucibus,1235,194.4,291.28,359730.8,,None,359730.8,119646.8,119646.8,12/23/2016 0:00,12,December
50,scalable,Portugal,sit,758,142.64,214.168,162339.344,,None,162339.344,54218.224,54218.224,4/11/2015 0:00,4,April
51,global,Iran,at,4295,128.01,164.612,707008.54,,None,707008.54,157205.59,157205.59,5/18/2019 0:00,5,May
52,bandwidth-monitored,Colombia,aliquet,231,226.17,464.404,107277.324,,None,107277.324,55032.054,55032.054,2/2/2022 0:00,2,February
53,infrastructure,China,vestibulum,438,170.16,257.192,112650.096,,None,112650.096,38120.016,38120.016,4/24/2018 0:00,4,April
54,modular,China,pellentesque,1017,56.44,124.728,126848.376,,None,126848.376,69448.896,69448.896,11/26/2013 0:00,11,November
55,5th generation,Israel,tincidunt,1059,172.61,221.132,234178.788,,None,234178.788,51384.798,51384.798,3/31/2021 0:00,3,March
56,demand-driven,Philippines,ut,1367,25.61,146.732,200582.644,,None,200582.644,165573.774,165573.774,1/21/2022 0:00,1,January
57,modular,Azerbaijan,lobortis,4295,117.14,180.568,775539.56,,None,775539.56,272423.26,272423.26,4/3/2021 0:00,4,April
58,Distributed,Canada,sapien,279,25.47,190.564,53167.356,,None,53167.356,46061.226,46061.226,12/19/2016 0:00,12,December
59,leverage,Thailand,pede,2759,68.14,209.768,578749.912,,None,578749.912,390751.652,390751.652,2/13/2016 0:00,2,February
60,flexibility,Czech Republic,vestibulum,1527,52.38,161.856,247154.112,,None,247154.112,167169.852,167169.852,11/16/2021 0:00,11,November
61,Future-proofed,Guatemala,justo,2700,168.48,275.176,742975.2,,None,742975.2,288079.2,288079.2,9/19/2011 0:00,9,September
62,Phased,United States,vel,356,175.8,340.96,121381.76,,None,121381.76,58796.96,58796.96,11/24/2020 0:00,11,November
63,Cross-platform,China,elementum,2552,81.99,190.388,485870.176,,None,485870.176,276631.696,276631.696,1/21/2011 0:00,1,January
64,solution,Slovenia,tortor,643,159.04,375.848,241670.264,,None,241670.264,139407.544,139407.544,7/30/2015 0:00,7,July
65,Progressive,Pakistan,erat,1600,197.97,356.564,570502.4,,None,570502.4,253750.4,253750.4,1/28/2013 0:00,1,January
66,Progressive,Antigua and Barbuda,nulla,69,69.77,258.724,17851.956,,None,17851.956,13037.826,13037.826,3/16/2013 0:00,3,March
67,Networked,China,rutrum,401,52.44,115.928,46487.128,,None,46487.128,25458.688,25458.688,11/18/2014 0:00,11,November
68,Enterprise-wide,Japan,eget,348,132.09,219.508,76388.784,,None,76388.784,30421.464,30421.464,1/26/2011 0:00,1,January
69,Total,Portugal,ut,1146,94.26,182.112,208700.352,,None,208700.352,100678.392,100678.392,1/15/2014 0:00,1,January
70,Reduced,Thailand,cum,4081,87.24,268.688,1096515.728,,None,1096515.728,740489.288,740489.288,11/13/2016 0:00,11,November
71,hub,Czech Republic,ante,1381,128.3,219.96,303764.76,,None,303764.76,126582.46,126582.46,10/25/2011 0:00,10,October
72,Pre-emptive,Japan,ligula,3620,102.26,238.712,864137.44,,None,864137.44,493956.24,493956.24,3/3/2011 0:00,3,March
73,hardware,North Korea,felis,1486,166.66,366.992,545350.112,,None,545350.112,297693.352,297693.352,3/8/2014 0:00,3,March
74,maximized,Mexico,ultrices,30,229.73,324.676,9740.28,,None,9740.28,2848.38,2848.38,2/13/2013 0:00,2,February
75,Virtual,Portugal,tristique,1810,50.77,138.924,251452.44,,None,251452.44,159558.74,159558.74,3/19/2018 0:00,3,March
76,Stand-alone,Brazil,eget,1087,18.74,59.488,64663.456,0.05,Discount Applied,64663.456,44293.076,44293.076,10/27/2010 0:00,10,October
77,static,Portugal,rhoncus,2286,155.71,288.852,660315.672,,None,660315.672,304362.612,304362.612,10/16/2017 0:00,10,October
78,maximized,China,in,509,47.1,183.52,93411.68,,None,93411.68,69437.78,69437.78,8/29/2015 0:00,8,August
79,Diverse,Reunion,pulvinar,157,228.42,452.104,70980.328,,None,70980.328,35118.388,35118.388,8/9/2017 0:00,8,August
80,interactive,Bulgaria,id,1729,49.84,194.808,336823.032,,None,336823.032,250649.672,250649.672,8/11/2013 0:00,8,August
81,Open-source,China,pretium,1585,160.38,268.456,425502.76,,None,425502.76,171300.46,171300.46,9/11/2010 0:00,9,September
82,middleware,Indonesia,pede,1568,211.42,367.704,576559.872,,None,576559.872,245053.312,245053.312,10/14/2013 0:00,10,October
83,hub,Madagascar,interdum,1523,71.55,137.86,209960.78,,None,209960.78,100990.13,100990.13,3/12/2021 0:00,3,March
84,capacity,China,diam,2754,147.01,215.412,593244.648,0.09,Discount Applied,593244.648,188379.108,188379.108,6/6/2019 0:00,6,June
85,Enhanced,China,sagittis,488,93.32,231.984,113208.192,,None,113208.192,67668.032,67668.032,11/4/2012 0:00,11,November
86,Future-proofed,Mexico,velit,4425,204.1,275.92,1220946,,None,1220946,317803.5,317803.5,2/8/2012 0:00,2,February
87,hub,Guatemala,morbi,3527,35.62,147.744,521093.088,,None,521093.088,395461.348,395461.348,1/11/2014 0:00,1,January
88,flexibility,China,sociis,1448,72.35,166.82,241555.36,,None,241555.36,136792.56,136792.56,11/2/2021 0:00,11,November
89,data-warehouse,China,lacus,3156,137.53,251.036,792269.616,,None,792269.616,358224.936,358224.936,6/22/2021 0:00,6,June
90,exuding,Uzbekistan,morbi,2935,54.51,255.412,749634.22,,None,749634.22,589647.37,589647.37,6/8/2017 0:00,6,June
91,Programmable,Georgia,rutrum,717,218.67,307.404,220408.668,,None,220408.668,63622.278,63622.278,2/16/2018 0:00,2,February
92,actuating,Bolivia,eu,3273,46.99,209.388,685326.924,,None,685326.924,531528.654,531528.654,3/6/2014 0:00,3,March
93,Profound,Morocco,venenatis,2453,66.6,86.92,213214.76,,None,213214.76,49844.96,49844.96,1/24/2014 0:00,1,January
94,emulation,China,aliquam,4021,189.51,296.412,1191872.652,,None,1191872.652,429852.942,429852.942,5/14/2017 0:00,5,May
95,Innovative,Greece,justo,131,97.18,254.616,33354.696,,None,33354.696,20624.116,20624.116,4/19/2019 0:00,4,April
96,impactful,Armenia,mi,492,193.13,410.756,202091.952,,None,202091.952,107071.992,107071.992,10/1/2015 0:00,10,October
97,client-server,Finland,eget,3730,146.01,361.212,1347320.76,,None,1347320.76,802703.46,802703.46,11/12/2020 0:00,11,November
98,Automated,Philippines,nisi,3089,31.64,194.968,602256.152,,None,602256.152,504520.192,504520.192,7/20/2013 0:00,7,July
99,secondary,Czech Republic,mattis,1067,203.14,309.768,330522.456,,None,330522.456,113772.076,113772.076,4/13/2017 0:00,4,April
100,infrastructure,United States,nulla,2880,103.17,144.804,417035.52,,None,417035.52,119905.92,119905.92,11/25/2013 0:00,11,November
101,Enterprise-wide,Greece,pellentesque,2397,6.55,207.86,498240.42,,None,498240.42,482540.07,482540.07,10/17/2019 0:00,10,October
102,knowledge user,Vietnam,sem,2528,243.41,420.092,1061992.576,,None,1061992.576,446652.096,446652.096,3/28/2019 0:00,3,March
103,composite,Brazil,suscipit,955,198.68,251.416,240102.28,,None,240102.28,50362.88,50362.88,5/17/2019 0:00,5,May
104,monitoring,Venezuela,lacus,221,220.29,352.348,77868.908,,None,77868.908,29184.818,29184.818,1/31/2022 0:00,1,January
105,intermediate,Russia,auctor,775,143.25,257.9,199872.5,0.08,Discount Applied,199872.5,88853.75,88853.75,9/16/2013 0:00,9,September
106,service-desk,Indonesia,augue,760,149.88,349.856,265890.56,,None,265890.56,151981.76,151981.76,9/15/2011 0:00,9,September
107,scalable,Philippines,iaculis,3538,194.7,271.64,961062.32,,None,961062.32,272213.72,272213.72,12/16/2013 0:00,12,December
108,projection,China,nunc,4022,203.89,355.668,1430496.696,,None,1430496.696,610451.116,610451.116,10/1/2015 0:00,10,October
109,secondary,Paraguay,nullam,1718,127.57,161.084,276742.312,,None,276742.312,57577.052,57577.052,3/9/2018 0:00,3,March
110,3rd generation,Ukraine,nunc,658,246.64,405.968,267126.944,,None,267126.944,104837.824,104837.824,8/15/2014 0:00,8,August
111,Customer-focused,Philippines,tellus,3388,17.2,89.64,303700.32,,None,303700.32,245426.72,245426.72,1/21/2022 0:00,1,January
112,Customizable,Poland,aliquam,1349,239.77,415.724,560811.676,,None,560811.676,237361.946,237361.946,9/30/2010 0:00,9,September
113,capacity,Botswana,odio,2889,198.39,305.068,881341.452,0.02,Discount Applied,881341.452,308192.742,308192.742,8/5/2015 0:00,8,August
114,composite,Russia,ac,4143,68.21,99.852,413686.836,,None,413686.836,131092.806,131092.806,12/30/2019 0:00,12,December
115,neutral,Malaysia,aliquet,3685,76.21,110.452,407015.62,,None,407015.62,126181.77,126181.77,2/19/2013 0:00,2,February
116,Public-key,France,duis,1963,223.95,368.74,723836.62,,None,723836.62,284222.77,284222.77,3/9/2013 0:00,3,March
117,application,Nepal,justo,1492,168.96,360.752,538241.984,,None,538241.984,286153.664,286153.664,9/5/2012 0:00,9,September
118,throughput,Philippines,augue,1672,155.65,383.78,641680.16,,None,641680.16,381433.36,381433.36,6/16/2021 0:00,6,June
119,installation,Micronesia,tellus,1649,180.54,261.648,431457.552,,None,431457.552,133747.092,133747.092,1/25/2014 0:00,1,January
120,Ameliorated,Poland,consequat,2372,136.31,271.572,644168.784,,None,644168.784,320841.464,320841.464,6/7/2016 0:00,6,June
121,pricing structure,Egypt,vehicula,3566,172.14,277.568,989807.488,,None,989807.488,375956.248,375956.248,4/23/2013 0:00,4,April
122,Diverse,Indonesia,porta,229,204.49,405.388,92833.852,,None,92833.852,46005.642,46005.642,8/30/2011 0:00,8,August
123,Stand-alone,China,proin,1994,52.57,119.084,237453.496,,None,237453.496,132628.916,132628.916,1/11/2016 0:00,1,January
124,flexibility,Indonesia,cubilia,1915,219.32,444.184,850612.36,,None,850612.36,430614.56,430614.56,2/1/2016 0:00,2,February
125,content-based,Poland,semper,1493,10.27,39.324,58710.732,,None,58710.732,43377.622,43377.622,12/17/2014 0:00,12,December
126,collaboration,Burkina Faso,turpis,277,47.14,81.568,22594.336,,None,22594.336,9536.556,9536.556,3/6/2011 0:00,3,March
127,internet solution,Sweden,adipiscing,4150,238.62,470.344,1951927.6,,None,1951927.6,961654.6,961654.6,1/17/2022 0:00,1,January
128,solution-oriented,China,est,1028,38.35,214.02,220012.56,,None,220012.56,180588.76,180588.76,1/15/2022 0:00,1,January
129,Expanded,Philippines,interdum,1896,77.83,271.396,514566.816,,None,514566.816,367001.136,367001.136,3/3/2017 0:00,3,March
130,impactful,Yemen,habitasse,3724,120.38,305.456,1137518.144,,None,1137518.144,689223.024,689223.024,4/22/2020 0:00,4,April
131,background,China,semper,4185,235.07,350.084,1465101.54,,None,1465101.54,481333.59,481333.59,9/12/2014 0:00,9,September
132,holistic,Philippines,tortor,4113,34.24,120.088,493921.944,0.07,Discount Applied,493921.944,353092.824,353092.824,11/1/2014 0:00,11,November
133,Phased,Brazil,in,3789,76.14,271.368,1028213.352,0.04,Discount Applied,1028213.352,739718.892,739718.892,8/16/2012 0:00,8,August
134,system engine,Indonesia,rutrum,1129,97.35,138.82,156727.78,,None,156727.78,46819.63,46819.63,5/25/2016 0:00,5,May
135,asymmetric,Brazil,sit,1276,224.88,354.856,452796.256,,None,452796.256,165849.376,165849.376,7/2/2019 0:00,7,July
136,4th generation,China,justo,4,168.88,361.656,1446.624,,None,1446.624,771.104,771.104,4/27/2020 0:00,4,April
137,asynchronous,Russia,ut,55,115.76,175.912,9675.16,,None,9675.16,3308.36,3308.36,11/7/2013 0:00,11,November
138,bottom-line,Argentina,ac,2355,85.48,257.576,606591.48,,None,606591.48,405286.08,405286.08,4/3/2018 0:00,4,April
139,multi-tasking,Poland,dapibus,1146,37.1,180.52,206875.92,,None,206875.92,164359.32,164359.32,5/4/2021 0:00,5,May
140,emulation,Brazil,orci,4372,244.22,486.064,2125071.808,,None,2125071.808,1057341.968,1057341.968,8/31/2014 0:00,8,August
141,object-oriented,Philippines,morbi,1011,9.61,108.532,109725.852,,None,109725.852,100010.142,100010.142,3/19/2017 0:00,3,March
142,regional,Portugal,lobortis,1645,8.3,140.96,231879.2,,None,231879.2,218225.7,218225.7,2/4/2014 0:00,2,February
143,application,Portugal,pede,3655,168.71,254.452,930022.06,,None,930022.06,313387.01,313387.01,8/7/2010 0:00,8,August
144,Distributed,Mexico,in,1740,235.09,423.108,736207.92,0.08,Discount Applied,736207.92,327151.32,327151.32,2/4/2011 0:00,2,February
145,forecast,Japan,volutpat,2399,169.61,306.532,735370.268,0.01,Discount Applied,735370.268,328475.878,328475.878,11/12/2016 0:00,11,November
146,throughput,France,leo,3003,171.48,209.776,629957.328,,None,629957.328,115002.888,115002.888,11/14/2011 0:00,11,November
147,coherent,Indonesia,lobortis,1493,159.71,247.652,369744.436,,None,369744.436,131297.406,131297.406,3/19/2011 0:00,3,March
148,info-mediaries,China,justo,3205,175.85,213.02,682729.1,,None,682729.1,119129.85,119129.85,2/10/2019 0:00,2,February
149,full-range,Colombia,ultrices,4046,145.37,233.444,944514.424,,None,944514.424,356347.404,356347.404,11/1/2018 0:00,11,November
150,parallelism,China,dui,1492,20.71,66.852,99743.184,,None,99743.184,68843.864,68843.864,4/30/2019 0:00,4,April
151,matrices,Greece,adipiscing,487,239.05,472.86,230282.82,,None,230282.82,113865.47,113865.47,11/14/2011 0:00,11,November
152,capacity,China,elementum,1791,48.95,69.74,124904.34,,None,124904.34,37234.89,37234.89,2/17/2019 0:00,2,February
153,secondary,Russia,varius,609,17.99,34.588,21064.092,0.04,Discount Applied,21064.092,10108.182,10108.182,4/7/2019 0:00,4,April
154,dynamic,Brazil,nulla,1115,177.28,321.736,358735.64,,None,358735.64,161068.44,161068.44,4/23/2018 0:00,4,April
155,hybrid,North Korea,posuere,3476,210.04,394.048,1369710.848,,None,1369710.848,639611.808,639611.808,8/29/2019 0:00,8,August
156,User-friendly,Israel,nulla,3065,241.29,326.548,1000869.62,,None,1000869.62,261315.77,261315.77,10/10/2017 0:00,10,October
157,Visionary,China,sed,2161,10.98,117.176,253217.336,,None,253217.336,229489.556,229489.556,1/11/2012 0:00,1,January
158,Diverse,Russia,condimentum,3326,152.26,271.712,903714.112,,None,903714.112,397297.352,397297.352,7/15/2017 0:00,7,July
159,methodology,Serbia,in,4225,204.5,438.4,1852240,,None,1852240,988227.5,988227.5,9/8/2015 0:00,9,September
160,Re-contextualized,Cuba,sodales,1241,112.98,294.576,365568.816,,None,365568.816,225360.636,225360.636,8/10/2014 0:00,8,August
161,Synergized,Indonesia,quis,3169,2.91,50.492,160009.148,,None,160009.148,150787.358,150787.358,2/22/2015 0:00,2,February
162,Horizontal,Netherlands,ullamcorper,2193,188.34,337.008,739058.544,,None,739058.544,326028.924,326028.924,6/10/2020 0:00,6,June
163,Multi-channelled,China,consequat,4299,84.02,187.824,807455.376,0.09,Discount Applied,807455.376,446253.396,446253.396,8/20/2015 0:00,8,August
164,Re-engineered,China,mattis,2068,225.15,295.18,610432.24,,None,610432.24,144822.04,144822.04,1/25/2021 0:00,1,January
165,Graphic Interface,South Africa,nibh,3223,114.41,292.292,942057.116,,None,942057.116,573313.686,573313.686,8/27/2017 0:00,8,August
166,Distributed,Philippines,at,2697,58.11,170.732,460464.204,,None,460464.204,303741.534,303741.534,9/26/2016 0:00,9,September
167,Diverse,Afghanistan,nascetur,2632,6.2,52.44,138022.08,,None,138022.08,121703.68,121703.68,8/10/2014 0:00,8,August
168,Upgradable,Portugal,ultrices,916,53,183.6,168177.6,,None,168177.6,119629.6,119629.6,1/18/2020 0:00,1,January
169,interface,United States,non,2057,247.49,452.988,931796.316,,None,931796.316,422709.386,422709.386,1/3/2017 0:00,1,January
170,Inverse,Indonesia,aliquam,2143,188.34,306.008,655775.144,,None,655775.144,252162.524,252162.524,9/15/2021 0:00,9,September
171,national,Japan,nam,1648,174.88,305.856,504050.688,,None,504050.688,215848.448,215848.448,6/7/2013 0:00,6,June
172,Graphical User Interface,France,iaculis,1513,215.42,392.504,593858.552,,None,593858.552,267928.092,267928.092,4/6/2011 0:00,4,April
173,workforce,Russia,ante,1151,63.68,199.416,229527.816,,None,229527.816,156232.136,156232.136,7/1/2010 0:00,7,July
174,Organic,Philippines,at,3583,238.39,367.068,1315204.644,,None,1315204.644,461053.274,461053.274,8/27/2019 0:00,8,August
175,high-level,China,mi,721,126.77,318.124,229367.404,,None,229367.404,137966.234,137966.234,6/13/2016 0:00,6,June
176,archive,Senegal,enim,464,187.45,265.94,123396.16,,None,123396.16,36419.36,36419.36,9/2/2018 0:00,9,September
177,Streamlined,Japan,sit,1738,244.74,442.688,769391.744,,None,769391.744,344033.624,344033.624,11/27/2021 0:00,11,November
178,system engine,Canada,sit,2270,130.7,284.84,646586.8,,None,646586.8,349897.8,349897.8,11/28/2019 0:00,11,November
179,Synergistic,Russia,justo,4464,80.96,112.152,500646.528,,None,500646.528,139241.088,139241.088,5/31/2017 0:00,5,May
180,Vision-oriented,Philippines,non,4415,38.94,151.728,669879.12,,None,669879.12,497959.02,497959.02,10/26/2015 0:00,10,October
181,Function-based,Norway,luctus,408,224.2,407.04,166072.32,,None,166072.32,74598.72,74598.72,5/16/2014 0:00,5,May
182,local area network,Russia,morbi,3755,66.88,129.256,485356.28,,None,485356.28,234221.88,234221.88,2/18/2011 0:00,2,February
183,systematic,Thailand,nisi,2396,131.68,333.016,797906.336,,None,797906.336,482401.056,482401.056,2/25/2012 0:00,2,February
184,framework,Syria,mus,4321,185.16,401.192,1733550.632,,None,1733550.632,933474.272,933474.272,11/9/2010 0:00,11,November
185,Sharable,Czech Republic,at,1126,21.19,127.428,143483.928,,None,143483.928,119623.988,119623.988,9/9/2014 0:00,9,September
186,De-engineered,Paraguay,rhoncus,1362,58.07,127.684,173905.608,,None,173905.608,94814.268,94814.268,9/2/2013 0:00,9,September
187,flexibility,Ukraine,primis,2410,163.37,276.044,665266.04,,None,665266.04,271544.34,271544.34,12/17/2015 0:00,12,December
188,Business-focused,Russia,turpis,1304,54.68,249.616,325499.264,,None,325499.264,254196.544,254196.544,7/12/2010 0:00,7,July
189,matrices,Poland,lectus,3685,60.4,118.48,436598.8,,None,436598.8,214024.8,214024.8,4/10/2014 0:00,4,April
190,neutral,China,mattis,4000,17.61,46.132,184528,,None,184528,114088,114088,5/9/2017 0:00,5,May
191,object-oriented,Russia,malesuada,1430,76.37,114.644,163940.92,,None,163940.92,54731.82,54731.82,10/19/2010 0:00,10,October
192,task-force,Nigeria,et,2746,70.63,277.756,762717.976,,None,762717.976,568767.996,568767.996,3/10/2014 0:00,3,March
193,groupware,Indonesia,est,2882,135.34,283.408,816781.856,0.06,Discount Applied,816781.856,426731.976,426731.976,9/12/2019 0:00,9,September
194,Fundamental,France,in,2366,127.21,187.652,443984.632,,None,443984.632,143005.772,143005.772,12/16/2015 0:00,12,December
195,Right-sized,Brazil,in,4185,162.51,350.012,1464800.22,,None,1464800.22,784695.87,784695.87,11/2/2015 0:00,11,November
196,system-worthy,Belarus,posuere,3096,96.34,184.608,571546.368,,None,571546.368,273277.728,273277.728,4/15/2013 0:00,4,April
197,intangible,Bulgaria,lobortis,2332,116.4,235.68,549605.76,,None,549605.76,278160.96,278160.96,12/7/2014 0:00,12,December
198,Total,Russia,amet,1647,58.2,212.84,350547.48,,None,350547.48,254692.08,254692.08,3/15/2012 0:00,3,March
199,stable,Indonesia,vitae,2657,80.44,153.528,407923.896,,None,407923.896,194194.816,194194.816,1/21/2012 0:00,1,January
200,impactful,Ecuador,non,3886,164.36,360.232,1399861.552,,None,1399861.552,761158.592,761158.592,12/29/2012 0:00,12,December
201,Expanded,Burkina Faso,pharetra,2217,173.74,362.488,803635.896,,None,803635.896,418454.316,418454.316,2/19/2021 0:00,2,February
202,Monitored,Republic of the Congo,quam,4395,17.55,33.06,145298.7,0.08,Discount Applied,145298.7,68166.45,68166.45,10/23/2021 0:00,10,October
203,support,Pakistan,pulvinar,2766,52.83,155.396,429825.336,,None,429825.336,283697.556,283697.556,9/12/2021 0:00,9,September
204,Business-focused,Azerbaijan,ipsum,4401,225.82,397.984,1751527.584,,None,1751527.584,757693.764,757693.764,8/2/2012 0:00,8,August
205,Reactive,Greece,at,193,185.71,420.852,81224.436,,None,81224.436,45382.406,45382.406,6/16/2010 0:00,6,June
206,zero tolerance,Argentina,convallis,2658,243.32,378.984,1007339.472,,None,1007339.472,360594.912,360594.912,2/3/2012 0:00,2,February
207,Focused,China,pretium,1777,83.47,224.164,398339.428,,None,398339.428,250013.238,250013.238,3/21/2015 0:00,3,March
208,contingency,Ireland,vulputate,4110,13.46,128.152,526704.72,0.08,Discount Applied,526704.72,471384.12,471384.12,5/6/2019 0:00,5,May
209,Diverse,Philippines,nullam,812,228.25,329.9,267878.8,0.07,Discount Applied,267878.8,82539.8,82539.8,4/10/2018 0:00,4,April
210,Progressive,Spain,at,4488,104.97,309.964,1391118.432,,None,1391118.432,920013.072,920013.072,4/11/2019 0:00,4,April
211,foreground,Indonesia,morbi,376,179.54,253.448,95296.448,0.02,Discount Applied,95296.448,27789.408,27789.408,10/7/2021 0:00,10,October
212,solution-oriented,France,dui,1605,154.19,232.028,372404.94,,None,372404.94,124929.99,124929.99,3/24/2020 0:00,3,March
213,zero administration,Poland,pellentesque,3656,128.06,270.672,989576.832,,None,989576.832,521389.472,521389.472,9/28/2015 0:00,9,September
214,intangible,Philippines,mattis,1512,115.28,159.336,240916.032,,None,240916.032,66612.672,66612.672,6/15/2015 0:00,6,June
215,Sharable,Lithuania,dignissim,1196,240.5,303.6,363105.6,,None,363105.6,75467.6,75467.6,1/29/2011 0:00,1,January
216,executive,United Kingdom,potenti,2529,197.98,296.576,750040.704,,None,750040.704,249349.284,249349.284,2/14/2019 0:00,2,February
217,complexity,China,ornare,284,73.86,120.632,34259.488,,None,34259.488,13283.248,13283.248,12/21/2017 0:00,12,December
218,Streamlined,China,rhoncus,22,242.75,453.3,9972.6,,None,9972.6,4632.1,4632.1,1/28/2014 0:00,1,January
219,systematic,Indonesia,dictumst,3308,189.6,387.52,1281916.16,,None,1281916.16,654719.36,654719.36,2/15/2020 0:00,2,February
220,moratorium,Chad,nunc,4190,10.51,153.612,643634.28,,None,643634.28,599597.38,599597.38,1/23/2015 0:00,1,January
221,function,Finland,diam,3545,15.07,173.084,613582.78,,None,613582.78,560159.63,560159.63,2/12/2017 0:00,2,February
222,foreground,France,consectetuer,3929,57.25,131.7,517449.3,,None,517449.3,292514.05,292514.05,8/27/2013 0:00,8,August
223,Advanced,Indonesia,ultrices,1540,133.6,162.32,249972.8,0.06,Discount Applied,249972.8,44228.8,44228.8,6/24/2010 0:00,6,June
224,Focused,Ukraine,nulla,88,218.3,346.96,30532.48,,None,30532.48,11322.08,11322.08,4/12/2016 0:00,4,April
225,encoding,Ukraine,ante,2540,217.04,271.448,689477.92,,None,689477.92,138196.32,138196.32,3/20/2016 0:00,3,March
226,impactful,Zambia,convallis,1881,51.22,221.464,416573.784,,None,416573.784,320228.964,320228.964,10/31/2014 0:00,10,October
227,dynamic,Indonesia,nisi,1045,154.65,300.58,314106.1,0.01,Discount Applied,314106.1,152496.85,152496.85,12/2/2017 0:00,12,December
228,Future-proofed,Bulgaria,mauris,4,168.05,241.66,966.64,,None,966.64,294.44,294.44,5/3/2019 0:00,5,May
229,Integrated,Portugal,potenti,3335,198.68,351.416,1171972.36,,None,1171972.36,509374.56,509374.56,9/9/2018 0:00,9,September
230,Open-source,Ukraine,sapien,3093,213.9,407.68,1260954.24,,None,1260954.24,599361.54,599361.54,1/9/2019 0:00,1,January
231,asymmetric,Indonesia,adipiscing,1787,155.59,277.708,496264.196,,None,496264.196,218224.866,218224.866,3/9/2015 0:00,3,March
232,Fully-configurable,Honduras,nam,4091,37.36,146.832,600689.712,0.09,Discount Applied,600689.712,447849.952,447849.952,10/31/2018 0:00,10,October
233,4th generation,Philippines,venenatis,2859,161.04,248.248,709741.032,0.09,Discount Applied,709741.032,249327.672,249327.672,7/2/2016 0:00,7,July
234,Fully-configurable,China,eget,215,91.88,144.256,31015.04,,None,31015.04,11260.84,11260.84,4/24/2016 0:00,4,April
235,Assimilated,Greece,integer,2312,234.62,298.544,690233.728,,None,690233.728,147792.288,147792.288,7/15/2011 0:00,7,July
236,mobile,Philippines,mauris,4470,179.4,341.28,1525521.6,,None,1525521.6,723603.6,723603.6,10/16/2014 0:00,10,October
237,zero tolerance,China,integer,584,198.62,418.344,244312.896,,None,244312.896,128318.816,128318.816,3/25/2016 0:00,3,March
238,logistical,Thailand,integer,3548,150.37,271.444,963083.312,,None,963083.312,429570.552,429570.552,10/3/2010 0:00,10,October
239,Optional,Albania,vehicula,2141,242.41,486.892,1042435.772,,None,1042435.772,523435.962,523435.962,4/11/2020 0:00,4,April
240,implementation,Indonesia,suspendisse,3012,71,131.2,395174.4,,None,395174.4,181322.4,181322.4,10/12/2011 0:00,10,October
241,Object-based,China,pede,339,161.33,207.596,70375.044,0.06,Discount Applied,70375.044,15684.174,15684.174,2/5/2011 0:00,2,February
242,initiative,China,pede,519,133.49,328.188,170329.572,0.05,Discount Applied,170329.572,101048.262,101048.262,10/30/2010 0:00,10,October
243,asynchronous,Indonesia,morbi,716,233.21,430.852,308490.032,,None,308490.032,141511.672,141511.672,9/22/2015 0:00,9,September
244,global,Russia,nisi,1546,85.52,129.624,200398.704,,None,200398.704,68184.784,68184.784,3/14/2018 0:00,3,March
245,Phased,United States,tortor,4353,248.55,397.26,1729272.78,,None,1729272.78,647334.63,647334.63,6/6/2012 0:00,6,June
246,Universal,Czech Republic,interdum,2221,137.78,212.336,471598.256,,None,471598.256,165588.876,165588.876,6/13/2017 0:00,6,June
247,directional,Sweden,consequat,1445,207.64,406.168,586912.76,,None,586912.76,286872.96,286872.96,3/2/2011 0:00,3,March
248,human-resource,Ecuador,lacinia,2294,146.32,313.584,719361.696,,None,719361.696,383703.616,383703.616,2/9/2021 0:00,2,February
249,standardization,China,bibendum,2157,124.11,307.932,664209.324,,None,664209.324,396504.054,396504.054,1/10/2012 0:00,1,January
250,time-frame,Indonesia,non,4388,155.92,333.104,1461660.352,,None,1461660.352,777483.392,777483.392,4/22/2014 0:00,4,April
251,frame,Philippines,curabitur,3190,103.13,224.756,716971.64,,None,716971.64,387986.94,387986.94,7/12/2015 0:00,7,July
252,Adaptive,China,luctus,3715,191.31,320.572,1190924.98,,None,1190924.98,480208.33,480208.33,4/10/2017 0:00,4,April
253,alliance,Russia,varius,4417,118.16,221.792,979655.264,,None,979655.264,457742.544,457742.544,11/4/2014 0:00,11,November
254,Fully-configurable,China,volutpat,814,49.32,126.184,102713.776,,None,102713.776,62567.296,62567.296,9/14/2013 0:00,9,September
255,Graphic Interface,Czech Republic,nulla,4362,219.08,389.896,1700726.352,,None,1700726.352,745099.392,745099.392,9/6/2015 0:00,9,September
256,Mandatory,China,volutpat,1064,12.85,68.42,72798.88,,None,72798.88,59126.48,59126.48,8/26/2012 0:00,8,August
257,Polarised,Bangladesh,nunc,2887,20.23,48.276,139372.812,,None,139372.812,80968.802,80968.802,4/19/2017 0:00,4,April
258,full-range,Honduras,lectus,1543,240.62,387.744,598288.992,,None,598288.992,227012.332,227012.332,6/8/2018 0:00,6,June
259,Ameliorated,Malaysia,odio,2576,187.87,374.444,964567.744,,None,964567.744,480614.624,480614.624,1/15/2011 0:00,1,January
260,Business-focused,Czech Republic,odio,4317,92.35,219.82,948962.94,,None,948962.94,550287.99,550287.99,7/31/2017 0:00,7,July
261,logistical,Yemen,nunc,1571,92.96,160.552,252227.192,,None,252227.192,106187.032,106187.032,9/9/2015 0:00,9,September
262,executive,China,nulla,779,194.94,393.928,306869.912,,None,306869.912,155011.652,155011.652,3/4/2020 0:00,3,March
263,superstructure,China,id,3084,230.44,418.528,1290740.352,,None,1290740.352,580063.392,580063.392,9/12/2020 0:00,9,September
264,Upgradable,China,in,3181,195.05,269.06,855879.86,,None,855879.86,235425.81,235425.81,6/3/2017 0:00,6,June
265,bottom-line,Brazil,purus,2817,210.09,296.108,834136.236,,None,834136.236,242312.706,242312.706,10/16/2011 0:00,10,October
266,coherent,Russia,morbi,1400,238.16,393.792,551308.8,,None,551308.8,217884.8,217884.8,6/15/2021 0:00,6,June
267,fresh-thinking,Indonesia,ac,3550,241.48,483.776,1717404.8,,None,1717404.8,860150.8,860150.8,6/21/2012 0:00,6,June
268,Team-oriented,China,donec,4386,243.38,307.056,1346747.616,,None,1346747.616,279282.936,279282.936,8/17/2017 0:00,8,August
269,Stand-alone,Russia,vestibulum,1407,202.24,442.688,622862.016,,None,622862.016,338310.336,338310.336,5/30/2020 0:00,5,May
270,website,Japan,blandit,1111,94.7,227.64,252908.04,,None,252908.04,147696.34,147696.34,4/24/2012 0:00,4,April
271,utilisation,Philippines,erat,312,17.07,129.484,40399.008,,None,40399.008,35073.168,35073.168,12/20/2011 0:00,12,December
272,encoding,Portugal,et,2814,201.47,438.764,1234681.896,,None,1234681.896,667745.316,667745.316,2/16/2022 0:00,2,February
273,Upgradable,Portugal,a,4358,54.97,105.964,461791.112,,None,461791.112,222231.852,222231.852,4/29/2012 0:00,4,April
274,Graphical User Interface,Sri Lanka,mauris,2806,242.06,358.472,1005872.432,0.02,Discount Applied,1005872.432,326652.072,326652.072,1/1/2013 0:00,1,January
275,multi-tasking,Russia,eros,3585,130.88,198.056,710030.76,,None,710030.76,240825.96,240825.96,2/6/2016 0:00,2,February
276,zero tolerance,Brazil,amet,3315,32.98,135.576,449434.44,,None,449434.44,340105.74,340105.74,5/24/2020 0:00,5,May
277,productivity,Nigeria,dapibus,640,182.84,276.408,176901.12,0.01,Discount Applied,176901.12,59883.52,59883.52,12/20/2021 0:00,12,December
278,foreground,Lebanon,congue,459,186.39,324.668,149022.612,,None,149022.612,63469.602,63469.602,10/22/2018 0:00,10,October
279,De-engineered,Colombia,commodo,1417,233.95,323.74,458739.58,,None,458739.58,127232.43,127232.43,7/6/2019 0:00,7,July
280,service-desk,China,habitasse,2890,138.04,204.648,591432.72,,None,591432.72,192497.12,192497.12,7/23/2014 0:00,7,July
281,analyzing,Guatemala,lorem,132,74.01,121.812,16079.184,,None,16079.184,6309.864,6309.864,5/3/2015 0:00,5,May
282,Down-sized,Canada,lacus,2297,46.2,189.44,435143.68,0.04,Discount Applied,435143.68,329022.28,329022.28,10/14/2017 0:00,10,October
283,uniform,Ukraine,volutpat,1462,85.53,255.636,373739.832,,None,373739.832,248694.972,248694.972,10/26/2015 0:00,10,October
284,human-resource,Poland,volutpat,4293,226.29,289.548,1243029.564,,None,1243029.564,271566.594,271566.594,2/10/2021 0:00,2,February
285,Public-key,Brazil,faucibus,1073,19.7,61.64,66139.72,,None,66139.72,45001.62,45001.62,1/5/2012 0:00,1,January
286,firmware,Poland,sagittis,3512,126.89,261.268,917573.216,,None,917573.216,471935.536,471935.536,8/15/2014 0:00,8,August
287,contextually-based,United States,vulputate,892,61.66,122.992,109708.864,,None,109708.864,54708.144,54708.144,3/11/2011 0:00,3,March
288,Customer-focused,Brazil,gravida,1632,119.15,204.98,334527.36,,None,334527.36,140074.56,140074.56,7/4/2014 0:00,7,July
289,intermediate,United States,in,3049,107.16,267.592,815888.008,,None,815888.008,489157.168,489157.168,8/22/2010 0:00,8,August
290,Triple-buffered,China,augue,2288,187.9,248.48,568522.24,,None,568522.24,138607.04,138607.04,2/24/2019 0:00,2,February
291,protocol,China,mauris,2844,104.57,255.484,726596.496,,None,726596.496,429199.416,429199.416,12/29/2012 0:00,12,December
292,Pre-emptive,Ghana,ac,794,87.15,245.58,194990.52,,None,194990.52,125793.42,125793.42,8/18/2011 0:00,8,August
293,Switchable,Benin,rhoncus,1586,90.01,299.012,474233.032,0.03,Discount Applied,474233.032,331477.172,331477.172,8/23/2012 0:00,8,August
294,Virtual,Philippines,in,2366,172.28,238.736,564849.376,,None,564849.376,157234.896,157234.896,5/4/2014 0:00,5,May
295,Versatile,Colombia,non,3215,68.72,278.464,895261.76,,None,895261.76,674326.96,674326.96,12/12/2015 0:00,12,December
296,Automated,China,nunc,1100,245.76,454.912,500403.2,,None,500403.2,230067.2,230067.2,7/9/2011 0:00,7,July
297,neutral,Paraguay,elementum,647,86.69,210.028,135888.116,,None,135888.116,79799.686,79799.686,2/22/2013 0:00,2,February
298,firmware,Jamaica,donec,4352,134.57,351.484,1529658.368,,None,1529658.368,944009.728,944009.728,2/27/2012 0:00,2,February
299,implementation,Norway,consequat,3862,179.48,301.376,1163914.112,,None,1163914.112,470762.352,470762.352,4/28/2020 0:00,4,April
300,Devolved,Sweden,eros,1647,81.8,122.16,201197.52,,None,201197.52,66472.92,66472.92,8/19/2014 0:00,8,August
301,archive,Indonesia,eget,2697,15.59,38.708,104395.476,,None,104395.476,62349.246,62349.246,6/28/2016 0:00,6,June
302,analyzer,Poland,consequat,3240,45.71,247.852,803040.48,,None,803040.48,654940.08,654940.08,9/3/2010 0:00,9,September
303,Cross-platform,Indonesia,donec,3221,34.06,213.872,688881.712,,None,688881.712,579174.452,579174.452,12/18/2011 0:00,12,December
304,process improvement,China,aliquam,410,248.03,302.636,124080.76,,None,124080.76,22388.46,22388.46,3/13/2015 0:00,3,March
305,open system,Mexico,quam,3537,177.8,337.36,1193242.32,,None,1193242.32,564363.72,564363.72,7/16/2010 0:00,7,July
306,stable,China,amet,4253,203.35,305.02,1297250.06,,None,1297250.06,432402.51,432402.51,4/28/2011 0:00,4,April
307,stable,Croatia,tellus,3512,154.13,345.956,1214997.472,,None,1214997.472,673692.912,673692.912,8/20/2014 0:00,8,August
308,complexity,China,sed,2121,172.57,211.084,447709.164,,None,447709.164,81688.194,81688.194,10/3/2016 0:00,10,October
309,Inverse,China,porttitor,1076,191.35,254.62,273971.12,,None,273971.12,68078.52,68078.52,6/13/2012 0:00,6,June
310,throughput,Canada,ridiculus,2280,155.28,305.336,696166.08,,None,696166.08,342127.68,342127.68,3/22/2016 0:00,3,March
311,Future-proofed,Comoros,non,113,89.48,207.376,23433.488,,None,23433.488,13322.248,13322.248,11/13/2015 0:00,11,November
312,Switchable,Japan,fusce,3729,36.77,139.124,518793.396,,None,518793.396,381678.066,381678.066,8/15/2014 0:00,8,August
313,framework,Czech Republic,quis,3975,29.47,90.364,359196.9,,None,359196.9,242053.65,242053.65,9/15/2012 0:00,9,September
314,4th generation,China,ultrices,4109,75.34,176.408,724860.472,,None,724860.472,415288.412,415288.412,3/26/2013 0:00,3,March
315,Cloned,Ukraine,orci,3288,15.89,74.068,243535.584,,None,243535.584,191289.264,191289.264,4/13/2015 0:00,4,April
316,service-desk,Greece,dictumst,3652,248.82,482.584,1762396.768,,None,1762396.768,853706.128,853706.128,10/7/2016 0:00,10,October
317,Robust,Brazil,lacus,3716,208.42,341.104,1267542.464,,None,1267542.464,493053.744,493053.744,12/22/2019 0:00,12,December
318,User-centric,Indonesia,sit,4430,83.54,194.248,860518.64,,None,860518.64,490436.44,490436.44,2/14/2016 0:00,2,February
319,bi-directional,Greece,tortor,1111,8.64,188.368,209276.848,,None,209276.848,199677.808,199677.808,4/23/2012 0:00,4,April
320,Horizontal,Japan,justo,3990,229.77,348.724,1391408.76,,None,1391408.76,474626.46,474626.46,11/19/2013 0:00,11,November
321,Reactive,Brazil,ut,3706,230.03,321.036,1189759.416,,None,1189759.416,337268.236,337268.236,10/12/2021 0:00,10,October
322,Business-focused,Ireland,quis,2832,167.75,242.3,686193.6,,None,686193.6,211125.6,211125.6,6/19/2010 0:00,6,June
323,Assimilated,Tanzania,quam,2177,177.25,363.7,791774.9,,None,791774.9,405901.65,405901.65,9/28/2021 0:00,9,September
324,Programmable,Brazil,porttitor,1385,167.77,299.324,414563.74,,None,414563.74,182202.29,182202.29,12/27/2017 0:00,12,December
325,regional,Sweden,duis,2563,5.45,16.54,42392.02,,None,42392.02,28423.67,28423.67,2/27/2018 0:00,2,February
326,analyzing,Iran,eget,2050,38.02,78.624,161179.2,,None,161179.2,83238.2,83238.2,10/6/2012 0:00,10,October
327,User-friendly,Philippines,primis,1560,218.84,326.608,509508.48,,None,509508.48,168118.08,168118.08,3/28/2014 0:00,3,March
328,hybrid,Russia,et,3812,112.85,324.42,1236689.04,0.06,Discount Applied,1236689.04,806504.84,806504.84,10/5/2013 0:00,10,October
329,Robust,Philippines,interdum,1008,221.08,353.296,356122.368,,None,356122.368,133273.728,133273.728,10/18/2021 0:00,10,October
330,productivity,Mexico,sit,979,61.44,130.728,127982.712,0.09,Discount Applied,127982.712,67832.952,67832.952,12/27/2013 0:00,12,December
331,regional,Portugal,lobortis,1454,91.01,127.212,184966.248,,None,184966.248,52637.708,52637.708,12/4/2012 0:00,12,December
332,system engine,Guatemala,in,2491,243.51,455.212,1133933.092,,None,1133933.092,527349.682,527349.682,12/19/2016 0:00,12,December
333,Advanced,Indonesia,primis,3677,242.12,417.544,1535309.288,,None,1535309.288,645034.048,645034.048,11/18/2014 0:00,11,November
334,frame,China,donec,1261,227.89,431.468,544081.148,,None,544081.148,256711.858,256711.858,9/28/2016 0:00,9,September
335,non-volatile,Portugal,ut,2085,172.4,339.88,708649.8,,None,708649.8,349195.8,349195.8,1/26/2015 0:00,1,January
336,Face to face,France,turpis,3810,232.31,307.772,1172611.32,,None,1172611.32,287510.22,287510.22,6/9/2021 0:00,6,June
337,client-server,Argentina,feugiat,2455,25.74,190.888,468630.04,,None,468630.04,405438.34,405438.34,10/9/2019 0:00,10,October
338,Monitored,China,sociis,3377,198.37,306.044,1033510.588,,None,1033510.588,363615.098,363615.098,12/14/2010 0:00,12,December
339,needs-based,Guatemala,congue,2545,104.59,177.508,451757.86,,None,451757.86,185576.31,185576.31,1/30/2017 0:00,1,January
340,extranet,Indonesia,euismod,641,136.16,318.392,204089.272,,None,204089.272,116810.712,116810.712,5/16/2013 0:00,5,May
341,neutral,South Korea,mi,2113,7.27,109.724,231846.812,,None,231846.812,216485.302,216485.302,7/23/2019 0:00,7,July
342,dynamic,Argentina,nulla,3042,33.96,154.752,470755.584,,None,470755.584,367449.264,367449.264,12/10/2015 0:00,12,December
343,moratorium,Indonesia,tortor,4116,196.53,395.836,1629260.976,,None,1629260.976,820343.496,820343.496,1/12/2012 0:00,1,January
344,challenge,Philippines,lorem,3174,87.52,172.024,546004.176,,None,546004.176,268215.696,268215.696,11/17/2014 0:00,11,November
345,Reverse-engineered,Poland,mauris,1723,35.44,53.528,92228.744,,None,92228.744,31165.624,31165.624,8/23/2018 0:00,8,August
346,moratorium,China,felis,2568,31.37,226.644,582021.792,,None,582021.792,501463.632,501463.632,1/4/2014 0:00,1,January
347,tertiary,Indonesia,felis,895,158.19,365.828,327416.06,,None,327416.06,185836.01,185836.01,11/8/2015 0:00,11,November
348,process improvement,Brazil,vel,1726,61.46,124.752,215321.952,,None,215321.952,109241.992,109241.992,6/30/2021 0:00,6,June
349,Extended,Japan,ultrices,1378,241.58,294.896,406366.688,0.07,Discount Applied,406366.688,73469.448,73469.448,1/6/2020 0:00,1,January
350,solution,Finland,nulla,3873,97.39,237.868,921262.764,,None,921262.764,544071.294,544071.294,6/3/2019 0:00,6,June
351,algorithm,France,ipsum,2462,8.96,134.752,331759.424,,None,331759.424,309699.904,309699.904,1/1/2021 0:00,1,January
352,fresh-thinking,China,et,751,40.32,161.384,121199.384,,None,121199.384,90919.064,90919.064,10/25/2019 0:00,10,October
353,alliance,Czech Republic,vitae,2200,189.82,427.784,941124.8,0.07,Discount Applied,941124.8,523520.8,523520.8,1/21/2018 0:00,1,January
354,synergy,China,vel,192,83.48,285.176,54753.792,,None,54753.792,38725.632,38725.632,2/26/2021 0:00,2,February
355,access,Canada,natoque,1502,247.28,353.736,531311.472,,None,531311.472,159896.912,159896.912,4/7/2018 0:00,4,April
356,bandwidth-monitored,Canada,curae,2265,44.01,220.812,500139.18,,None,500139.18,400456.53,400456.53,8/23/2014 0:00,8,August
357,logistical,China,sit,3926,119.6,260.52,1022801.52,0.07,Discount Applied,1022801.52,553251.92,553251.92,4/30/2021 0:00,4,April
358,optimizing,Russia,tincidunt,2241,66.28,148.536,332869.176,,None,332869.176,184335.696,184335.696,6/19/2020 0:00,6,June
359,executive,Ireland,est,2308,231.65,302.98,699277.84,,None,699277.84,164629.64,164629.64,10/6/2017 0:00,10,October
360,grid-enabled,France,at,835,186.2,358.44,299297.4,,None,299297.4,143820.4,143820.4,12/1/2013 0:00,12,December
361,Advanced,China,interdum,1946,99.18,258.016,502099.136,,None,502099.136,309094.856,309094.856,12/23/2018 0:00,12,December
362,monitoring,Nicaragua,ac,1697,208.83,278.596,472777.412,,None,472777.412,118392.902,118392.902,10/2/2016 0:00,10,October
363,customer loyalty,Sweden,ipsum,2702,90.65,112.78,304731.56,,None,304731.56,59795.26,59795.26,8/8/2011 0:00,8,August
364,Stand-alone,China,et,4001,86.1,246.32,985526.32,,None,985526.32,641040.22,641040.22,2/5/2020 0:00,2,February
365,info-mediaries,Indonesia,orci,1779,92.94,116.528,207303.312,,None,207303.312,41963.052,41963.052,2/22/2019 0:00,2,February
366,Optimized,Ethiopia,eget,1365,117.05,177.46,242232.9,,None,242232.9,82459.65,82459.65,2/4/2021 0:00,2,February
367,methodical,Poland,pellentesque,2297,162.21,202.652,465491.644,,None,465491.644,92895.274,92895.274,1/1/2020 0:00,1,January
368,value-added,Thailand,libero,3539,127.56,314.072,1111500.808,0.02,Discount Applied,1111500.808,660065.968,660065.968,12/2/2017 0:00,12,December
369,well-modulated,Greece,tristique,3865,112.18,329.616,1273965.84,,None,1273965.84,840390.14,840390.14,12/26/2012 0:00,12,December
370,needs-based,Portugal,diam,3521,92.03,276.436,973331.156,,None,973331.156,649293.526,649293.526,3/9/2011 0:00,3,March
371,installation,Brazil,sit,3918,178.31,275.972,1081258.296,,None,1081258.296,382639.716,382639.716,2/18/2021 0:00,2,February
372,internet solution,Madagascar,orci,406,106.58,131.896,53549.776,0.03,Discount Applied,53549.776,10278.296,10278.296,1/9/2016 0:00,1,January
373,discrete,Indonesia,tincidunt,3534,213.82,396.584,1401527.856,,None,1401527.856,645887.976,645887.976,4/20/2012 0:00,4,April
374,fresh-thinking,Nigeria,aliquet,3396,226.82,315.184,1070364.864,,None,1070364.864,300084.144,300084.144,3/4/2022 0:00,3,March
375,Synergized,United States,cubilia,2620,219.58,368.496,965459.52,,None,965459.52,390159.92,390159.92,2/21/2018 0:00,2,February
376,Managed,Indonesia,cursus,4027,185.4,342.48,1379166.96,,None,1379166.96,632561.16,632561.16,9/18/2010 0:00,9,September
377,holistic,Ukraine,pulvinar,2573,54.57,122.484,315151.332,,None,315151.332,174742.722,174742.722,8/6/2013 0:00,8,August
378,incremental,Russia,in,3898,187.12,228.544,890864.512,,None,890864.512,161470.752,161470.752,6/2/2013 0:00,6,June
379,database,Indonesia,tempus,3554,138.02,338.624,1203469.696,,None,1203469.696,712946.616,712946.616,5/18/2020 0:00,5,May
380,array,Madagascar,iaculis,1110,134.96,331.952,368466.72,,None,368466.72,218661.12,218661.12,11/17/2010 0:00,11,November
381,support,China,orci,1745,139.6,320.52,559307.4,,None,559307.4,315705.4,315705.4,8/14/2016 0:00,8,August
382,Configurable,Brazil,blandit,1533,31.88,98.256,150626.448,0.07,Discount Applied,150626.448,101754.408,101754.408,5/18/2016 0:00,5,May
383,Triple-buffered,Russia,curabitur,3879,27.46,219.952,853193.808,,None,853193.808,746676.468,746676.468,5/26/2017 0:00,5,May
384,internet solution,South Africa,tristique,4372,179.14,309.968,1355180.096,,None,1355180.096,571980.016,571980.016,11/6/2015 0:00,11,November
385,solution,Brazil,tortor,4039,193.08,232.696,939859.144,0.09,Discount Applied,939859.144,160009.024,160009.024,6/3/2012 0:00,6,June
386,Operative,Japan,risus,800,48.28,165.936,132748.8,,None,132748.8,94124.8,94124.8,10/13/2013 0:00,10,October
387,analyzer,Ecuador,a,1385,46.29,195.548,270833.98,,None,270833.98,206722.33,206722.33,5/4/2016 0:00,5,May
388,dynamic,France,semper,1718,127.15,267.58,459702.44,,None,459702.44,241258.74,241258.74,10/22/2016 0:00,10,October
389,projection,Morocco,lacus,1486,105.18,249.216,370334.976,,None,370334.976,214037.496,214037.496,10/18/2018 0:00,10,October
390,info-mediaries,United States,primis,2312,134.32,243.184,562241.408,,None,562241.408,251693.568,251693.568,2/2/2021 0:00,2,February
391,Enhanced,Poland,sed,2526,215.83,375.996,949765.896,,None,949765.896,404579.316,404579.316,12/30/2010 0:00,12,December
392,implementation,Palau,massa,2324,178.72,259.464,602994.336,,None,602994.336,187649.056,187649.056,3/26/2017 0:00,3,March
393,intangible,Philippines,porttitor,2303,150.55,183.66,422968.98,0.09,Discount Applied,422968.98,76252.33,76252.33,2/18/2013 0:00,2,February
394,project,Brazil,massa,1785,76.2,124.44,222125.4,,None,222125.4,86108.4,86108.4,2/15/2015 0:00,2,February
395,toolset,Iran,odio,627,92.13,219.556,137661.612,,None,137661.612,79896.102,79896.102,10/29/2013 0:00,10,October
396,dynamic,China,curae,2814,141.7,360.04,1013152.56,,None,1013152.56,614408.76,614408.76,10/30/2020 0:00,10,October
397,Synergistic,China,dignissim,2262,148,194.6,440185.2,,None,440185.2,105409.2,105409.2,1/29/2011 0:00,1,January
398,Stand-alone,China,lectus,989,133.25,318.9,315392.1,,None,315392.1,183607.85,183607.85,1/16/2014 0:00,1,January
399,bi-directional,Pakistan,habitasse,3793,168.75,256.5,972904.5,,None,972904.5,332835.75,332835.75,11/2/2016 0:00,11,November
400,algorithm,France,donec,1395,155.23,314.276,438415.02,,None,438415.02,221869.17,221869.17,5/21/2022 0:00,5,May
401,Upgradable,Tunisia,tristique,712,62.75,235.3,167533.6,,None,167533.6,122855.6,122855.6,9/10/2010 0:00,9,September
402,bottom-line,China,mauris,1192,7.05,83.46,99484.32,0.05,Discount Applied,99484.32,91080.72,91080.72,10/24/2010 0:00,10,October
403,Robust,Pakistan,diam,4374,1.93,156.316,683726.184,,None,683726.184,675284.364,675284.364,3/1/2015 0:00,3,March
404,Business-focused,Brazil,lobortis,836,25.54,229.648,191985.728,,None,191985.728,170634.288,170634.288,3/5/2017 0:00,3,March
405,portal,Ireland,orci,3297,63.71,195.452,644405.244,,None,644405.244,434353.374,434353.374,2/22/2019 0:00,2,February
406,De-engineered,Philippines,vestibulum,422,188.06,338.672,142919.584,,None,142919.584,63558.264,63558.264,7/10/2012 0:00,7,July
407,Ergonomic,China,duis,58,44.33,84.196,4883.368,,None,4883.368,2312.228,2312.228,9/3/2021 0:00,9,September
408,flexibility,Honduras,dapibus,951,27.99,39.588,37648.188,,None,37648.188,11029.698,11029.698,10/18/2013 0:00,10,October
409,groupware,Indonesia,quisque,3156,139.36,184.232,581436.192,,None,581436.192,141616.032,141616.032,9/3/2013 0:00,9,September
410,national,Cyprus,orci,944,152.58,227.096,214378.624,,None,214378.624,70343.104,70343.104,4/10/2013 0:00,4,April
411,Polarised,Philippines,eros,430,248.04,376.648,161958.64,,None,161958.64,55301.44,55301.44,8/1/2021 0:00,8,August
412,synergy,United States,diam,3510,146.41,370.692,1301128.92,,None,1301128.92,787229.82,787229.82,1/23/2013 0:00,1,January
413,real-time,Malaysia,mus,1005,181.78,219.136,220231.68,,None,220231.68,37542.78,37542.78,10/10/2014 0:00,10,October
414,Right-sized,Pakistan,nisl,608,177.14,343.568,208889.344,0.07,Discount Applied,208889.344,101188.224,101188.224,1/13/2022 0:00,1,January
415,projection,Indonesia,consequat,1352,39.71,116.652,157713.504,,None,157713.504,104025.584,104025.584,12/2/2017 0:00,12,December
416,3rd generation,Philippines,ante,3047,233.63,451.356,1375281.732,,None,1375281.732,663411.122,663411.122,6/29/2016 0:00,6,June
417,5th generation,Brazil,amet,4097,92.05,118.46,485330.62,,None,485330.62,108201.77,108201.77,11/14/2015 0:00,11,November
418,productivity,Russia,congue,3380,196.84,409.208,1383123.04,,None,1383123.04,717803.84,717803.84,6/21/2011 0:00,6,June
419,foreground,Portugal,nonummy,1956,14.68,213.616,417832.896,,None,417832.896,389118.816,389118.816,11/6/2021 0:00,11,November
420,definition,Thailand,lacus,2724,164.08,357.896,974908.704,,None,974908.704,527954.784,527954.784,6/17/2020 0:00,6,June
421,De-engineered,Japan,ante,2915,65.13,270.156,787504.74,,None,787504.74,597650.79,597650.79,7/14/2012 0:00,7,July
422,user-facing,China,nunc,1611,176.88,236.256,380608.416,,None,380608.416,95654.736,95654.736,4/29/2019 0:00,4,April
423,Managed,Burkina Faso,scelerisque,545,95.22,278.264,151653.88,,None,151653.88,99758.98,99758.98,1/4/2022 0:00,1,January
424,bandwidth-monitored,Russia,nunc,2505,208.06,426.672,1068813.36,,None,1068813.36,547623.06,547623.06,1/20/2018 0:00,1,January
425,analyzer,Sweden,nam,2737,244.24,429.088,1174413.856,,None,1174413.856,505928.976,505928.976,5/3/2017 0:00,5,May
426,leading edge,China,id,333,167.69,284.228,94647.924,0.07,Discount Applied,94647.924,38807.154,38807.154,5/4/2013 0:00,5,May
427,discrete,China,nisi,2532,37.37,120.844,305977.008,,None,305977.008,211356.168,211356.168,9/16/2015 0:00,9,September
428,matrix,Kenya,pellentesque,4180,24.04,150.848,630544.64,,None,630544.64,530057.44,530057.44,8/2/2012 0:00,8,August
429,static,Colombia,justo,1900,175.67,390.804,742527.6,,None,742527.6,408754.6,408754.6,7/8/2017 0:00,7,July
430,Digitized,Norway,dui,3876,236.91,317.292,1229823.792,,None,1229823.792,311560.632,311560.632,3/28/2018 0:00,3,March
431,multi-state,Japan,semper,4087,217.97,353.564,1445016.068,0.05,Discount Applied,1445016.068,554172.678,554172.678,1/26/2022 0:00,1,January
432,De-engineered,Indonesia,ligula,816,57.4,134.88,110062.08,,None,110062.08,63223.68,63223.68,9/11/2010 0:00,9,September
433,object-oriented,Sweden,ligula,642,187.41,398.892,256088.664,,None,256088.664,135771.444,135771.444,7/7/2015 0:00,7,July
434,protocol,Belarus,eget,4362,247.34,306.808,1338296.496,,None,1338296.496,259399.416,259399.416,3/21/2022 0:00,3,March
435,Robust,Indonesia,duis,2588,66.71,103.052,266698.576,,None,266698.576,94053.096,94053.096,5/1/2018 0:00,5,May
436,logistical,United States,tempus,863,92.73,181.276,156441.188,,None,156441.188,76415.198,76415.198,9/1/2016 0:00,9,September
437,website,China,erat,2303,170.8,338.96,780624.88,,None,780624.88,387272.48,387272.48,4/5/2019 0:00,4,April
438,groupware,Poland,fusce,3576,69.95,216.94,775777.44,,None,775777.44,525636.24,525636.24,8/22/2016 0:00,8,August
439,Enhanced,Indonesia,dapibus,1024,166.9,204.28,209182.72,,None,209182.72,38277.12,38277.12,9/25/2021 0:00,9,September
440,Re-engineered,Portugal,vehicula,3582,128.64,169.368,606676.176,,None,606676.176,145887.696,145887.696,10/27/2017 0:00,10,October
441,Stand-alone,Poland,libero,1789,178.63,349.356,624997.884,,None,624997.884,305428.814,305428.814,11/9/2021 0:00,11,November
442,array,United States,imperdiet,2422,169.61,205.532,497798.504,0.03,Discount Applied,497798.504,87003.084,87003.084,12/2/2015 0:00,12,December
443,Synchronised,Brazil,platea,3114,212.81,263.372,820140.408,,None,820140.408,157450.068,157450.068,6/17/2012 0:00,6,June
444,real-time,Portugal,tortor,1387,136.97,361.364,501211.868,,None,501211.868,311234.478,311234.478,12/15/2016 0:00,12,December
445,web-enabled,France,id,1901,60.32,197.384,375226.984,,None,375226.984,260558.664,260558.664,4/5/2015 0:00,4,April
446,Enhanced,Russia,justo,2182,233.77,451.524,985225.368,,None,985225.368,475139.228,475139.228,1/29/2015 0:00,1,January
447,website,Palestinian Territory,donec,1606,235.63,363.756,584192.136,,None,584192.136,205770.356,205770.356,10/5/2016 0:00,10,October
448,Intuitive,Nicaragua,sit,512,238.76,463.512,237318.144,,None,237318.144,115073.024,115073.024,6/11/2015 0:00,6,June
449,context-sensitive,Thailand,nibh,2456,31.58,60.896,149560.576,,None,149560.576,72000.096,72000.096,12/31/2018 0:00,12,December
450,upward-trending,Mayotte,in,3201,6.65,158.98,508894.98,0.06,Discount Applied,508894.98,487608.33,487608.33,7/23/2020 0:00,7,July
451,user-facing,Argentina,amet,2692,108.91,162.692,437966.864,,None,437966.864,144781.144,144781.144,9/29/2017 0:00,9,September
452,clear-thinking,China,a,3451,194.12,308.944,1066165.744,,None,1066165.744,396257.624,396257.624,7/1/2011 0:00,7,July
453,De-engineered,Armenia,nullam,2848,9.72,112.664,320867.072,,None,320867.072,293184.512,293184.512,8/8/2015 0:00,8,August
454,Synergistic,Portugal,vestibulum,463,194.46,431.352,199715.976,,None,199715.976,109680.996,109680.996,12/6/2011 0:00,12,December
455,support,Russia,adipiscing,2231,150,231,515361,,None,515361,180711,180711,3/26/2011 0:00,3,March
456,Multi-layered,China,id,2106,111.48,216.776,456530.256,,None,456530.256,221753.376,221753.376,8/30/2020 0:00,8,August
457,asynchronous,Russia,interdum,3657,210.41,257.492,941648.244,,None,941648.244,172178.874,172178.874,6/29/2010 0:00,6,June
458,Graphic Interface,Syria,elementum,4303,228.71,448.452,1929688.956,,None,1929688.956,945549.826,945549.826,10/6/2019 0:00,10,October
459,Programmable,Pakistan,quis,645,65.11,170.132,109735.14,,None,109735.14,67739.19,67739.19,3/17/2019 0:00,3,March
460,firmware,Philippines,eget,1606,121.61,235.932,378906.792,,None,378906.792,183601.132,183601.132,8/14/2020 0:00,8,August
461,artificial intelligence,Benin,sit,670,73.78,147.536,98849.12,,None,98849.12,49416.52,49416.52,4/22/2014 0:00,4,April
462,Advanced,Thailand,fermentum,1201,60.15,204.18,245220.18,0.03,Discount Applied,245220.18,172980.03,172980.03,9/28/2010 0:00,9,September
463,zero tolerance,Kazakhstan,rutrum,3007,215.05,396.06,1190952.42,,None,1190952.42,544297.07,544297.07,1/2/2011 0:00,1,January
464,Vision-oriented,China,volutpat,3522,40.22,229.264,807467.808,,None,807467.808,665812.968,665812.968,2/20/2014 0:00,2,February
465,discrete,Brazil,placerat,2330,166.98,336.376,783756.08,,None,783756.08,394692.68,394692.68,8/17/2017 0:00,8,August
466,approach,Indonesia,sit,1631,128.44,259.128,422637.768,,None,422637.768,213152.128,213152.128,8/9/2020 0:00,8,August
467,system-worthy,Indonesia,sociis,2367,31.12,78.344,185440.248,,None,185440.248,111779.208,111779.208,8/12/2012 0:00,8,August
468,background,Russia,et,1803,115.81,288.972,521016.516,,None,521016.516,312211.086,312211.086,4/30/2014 0:00,4,April
469,archive,Vietnam,quam,523,140.53,362.636,189658.628,,None,189658.628,116161.438,116161.438,5/27/2016 0:00,5,May
470,Intuitive,Peru,non,741,99,273.8,202885.8,,None,202885.8,129526.8,129526.8,4/2/2017 0:00,4,April
471,Persistent,Luxembourg,lectus,1045,247.72,459.264,479930.88,,None,479930.88,221063.48,221063.48,2/9/2021 0:00,2,February
472,strategy,China,orci,1975,82.77,137.324,271214.9,,None,271214.9,107744.15,107744.15,11/2/2016 0:00,11,November
473,upward-trending,Venezuela,tempor,3659,12.05,125.46,459058.14,,None,459058.14,414967.19,414967.19,4/14/2019 0:00,4,April
474,zero tolerance,Brazil,nibh,1042,93.97,304.764,317564.088,,None,317564.088,219647.348,219647.348,9/30/2013 0:00,9,September
475,24 hour,Luxembourg,vivamus,1929,197.94,329.528,635659.512,,None,635659.512,253833.252,253833.252,8/17/2014 0:00,8,August
476,capacity,Russia,elementum,1247,173.33,381.996,476349.012,,None,476349.012,260206.502,260206.502,9/9/2018 0:00,9,September
477,Universal,China,vitae,3820,248.33,451.996,1726624.72,0.06,Discount Applied,1726624.72,778004.12,778004.12,8/15/2017 0:00,8,August
478,orchestration,Indonesia,et,1522,123.43,152.116,231520.552,,None,231520.552,43660.092,43660.092,12/9/2016 0:00,12,December
479,Compatible,Ukraine,phasellus,3759,69.8,164.76,619332.84,,None,619332.84,356954.64,356954.64,11/2/2016 0:00,11,November
480,foreground,North Korea,sit,1978,68.66,165.392,327145.376,,None,327145.376,191335.896,191335.896,2/21/2019 0:00,2,February
481,Optional,Portugal,tempor,3922,29.13,186.956,733241.432,,None,733241.432,618993.572,618993.572,9/12/2012 0:00,9,September
482,foreground,Russia,magnis,4228,118.27,171.924,726894.672,,None,726894.672,226849.112,226849.112,11/26/2020 0:00,11,November
483,needs-based,Myanmar,fusce,2882,34.02,238.824,688290.768,,None,688290.768,590245.128,590245.128,1/3/2020 0:00,1,January
484,national,Bangladesh,sem,623,97.79,169.348,105503.804,,None,105503.804,44580.634,44580.634,2/19/2015 0:00,2,February
485,Advanced,Norway,nulla,4491,92.91,214.492,963283.572,,None,963283.572,546024.762,546024.762,11/16/2018 0:00,11,November
486,Synergized,China,mus,113,30.54,127.648,14424.224,,None,14424.224,10973.204,10973.204,10/2/2017 0:00,10,October
487,Networked,Mexico,maecenas,1271,172.64,358.168,455231.528,,None,455231.528,235806.088,235806.088,12/13/2014 0:00,12,December
488,responsive,China,integer,3749,93.28,130.936,490879.064,,None,490879.064,141172.344,141172.344,10/11/2013 0:00,10,October
489,needs-based,Japan,leo,3972,24.94,94.928,377054.016,,None,377054.016,277992.336,277992.336,10/9/2018 0:00,10,October
490,Fully-configurable,Indonesia,mollis,974,164.15,225.98,220104.52,,None,220104.52,60222.42,60222.42,2/15/2021 0:00,2,February
491,content-based,Argentina,quam,2254,54.13,205.956,464224.824,,None,464224.824,342215.804,342215.804,7/19/2015 0:00,7,July
492,systemic,Poland,vel,1371,222.9,278.48,381796.08,0.08,Discount Applied,381796.08,76200.18,76200.18,11/7/2017 0:00,11,November
493,fault-tolerant,Japan,convallis,4244,154.91,238.892,1013857.648,,None,1013857.648,356419.608,356419.608,10/22/2020 0:00,10,October
494,matrices,Panama,nisl,2031,42.43,102.916,209022.396,,None,209022.396,122847.066,122847.066,6/5/2013 0:00,6,June
495,task-force,Philippines,sed,4267,78.47,281.164,1199726.788,,None,1199726.788,864895.298,864895.298,5/8/2019 0:00,5,May
496,installation,China,etiam,4356,14.78,167.736,730658.016,,None,730658.016,666276.336,666276.336,6/30/2011 0:00,6,June
497,customer loyalty,China,ut,3984,147.43,325.916,1298449.344,,None,1298449.344,711088.224,711088.224,6/9/2012 0:00,6,June
498,Focused,Sweden,ultrices,2889,17.06,149.472,431824.608,,None,431824.608,382538.268,382538.268,4/1/2016 0:00,4,April
499,Upgradable,Costa Rica,et,962,203.05,384.66,370042.92,,None,370042.92,174708.82,174708.82,12/3/2021 0:00,12,December
500,encoding,Thailand,ut,742,142.17,288.604,214144.168,,None,214144.168,108654.028,108654.028,12/26/2014 0:00,12,December
501,challenge,Philippines,nulla,4482,152.56,213.072,954988.704,,None,954988.704,271214.784,271214.784,11/26/2021 0:00,11,November
502,artificial intelligence,Brazil,nulla,4327,54.63,198.556,859151.812,,None,859151.812,622767.802,622767.802,4/15/2013 0:00,4,April
503,modular,Sierra Leone,velit,1867,223.01,345.612,645257.604,,None,645257.604,228897.934,228897.934,1/17/2022 0:00,1,January
504,fresh-thinking,Nigeria,luctus,4221,216.33,433.596,1830208.716,,None,1830208.716,917079.786,917079.786,6/25/2010 0:00,6,June
505,Up-sized,Thailand,nibh,3680,167.3,268.76,989036.8,,None,989036.8,373372.8,373372.8,3/6/2014 0:00,3,March
506,algorithm,Panama,aliquam,4315,221.85,345.22,1489624.3,,None,1489624.3,532341.55,532341.55,4/24/2011 0:00,4,April
507,Decentralized,France,magnis,3788,70.94,236.128,894452.864,,None,894452.864,625732.144,625732.144,11/19/2016 0:00,11,November
508,empowering,Moldova,volutpat,1963,153.53,277.236,544214.268,,None,544214.268,242834.878,242834.878,4/30/2020 0:00,4,April
509,functionalities,Philippines,vel,2025,87.93,259.516,525519.9,,None,525519.9,347461.65,347461.65,4/21/2022 0:00,4,April
510,Profound,Yemen,vestibulum,292,243.82,392.584,114634.528,,None,114634.528,43439.088,43439.088,2/8/2014 0:00,2,February
511,motivating,Indonesia,ipsum,2239,151.13,326.356,730711.084,,None,730711.084,392331.014,392331.014,1/2/2012 0:00,1,January
512,system engine,Indonesia,nunc,1017,122.97,251.564,255840.588,,None,255840.588,130780.098,130780.098,9/17/2019 0:00,9,September
513,dedicated,Indonesia,turpis,609,108.71,189.452,115376.268,,None,115376.268,49171.878,49171.878,1/20/2020 0:00,1,January
514,portal,China,tortor,3531,206.81,280.172,989287.332,,None,989287.332,259041.222,259041.222,5/13/2019 0:00,5,May
515,mission-critical,Russia,augue,2712,167.47,218.964,593830.368,,None,593830.368,139651.728,139651.728,8/7/2014 0:00,8,August
516,open architecture,Russia,faucibus,4126,107.74,309.288,1276122.288,,None,1276122.288,831587.048,831587.048,12/1/2020 0:00,12,December
517,Optimized,China,donec,3187,238.06,302.672,964615.664,,None,964615.664,205918.444,205918.444,1/31/2012 0:00,1,January
518,tangible,Indonesia,neque,2186,206.8,305.16,667079.76,,None,667079.76,215014.96,215014.96,10/12/2018 0:00,10,October
519,asymmetric,Peru,massa,4161,143.63,327.356,1362128.316,,None,1362128.316,764483.886,764483.886,9/3/2010 0:00,9,September
520,system engine,Spain,maecenas,1585,139.7,256.64,406774.4,,None,406774.4,185349.9,185349.9,7/26/2014 0:00,7,July
521,application,China,turpis,2592,62.81,220.372,571204.224,,None,571204.224,408400.704,408400.704,5/15/2019 0:00,5,May
522,24 hour,Chile,ultrices,609,211.53,373.836,227666.124,,None,227666.124,98844.354,98844.354,6/23/2020 0:00,6,June
523,Centralized,China,natoque,2133,29.38,36.256,77334.048,,None,77334.048,14666.508,14666.508,4/3/2015 0:00,4,April
524,policy,Bulgaria,rutrum,2143,193.98,261.776,560985.968,,None,560985.968,145286.828,145286.828,12/24/2012 0:00,12,December
525,dynamic,Ivory Coast,orci,2888,156.94,303.328,876011.264,,None,876011.264,422768.544,422768.544,12/24/2011 0:00,12,December
526,moderator,Jamaica,bibendum,3179,237,420.4,1336451.6,,None,1336451.6,583028.6,583028.6,12/26/2018 0:00,12,December
527,Distributed,Brazil,quis,51,120.17,174.204,8884.404,,None,8884.404,2755.734,2755.734,8/10/2018 0:00,8,August
528,Balanced,Philippines,elementum,3240,25.61,147.732,478651.68,,None,478651.68,395675.28,395675.28,4/9/2021 0:00,4,April
529,hardware,Argentina,proin,1994,113.85,207.62,413994.28,,None,413994.28,186977.38,186977.38,7/28/2018 0:00,7,July
530,groupware,Norway,sapien,95,248.62,416.344,39552.68,,None,39552.68,15933.78,15933.78,12/23/2017 0:00,12,December
531,demand-driven,Indonesia,eget,2005,128.91,214.692,430457.46,,None,430457.46,171992.91,171992.91,2/21/2020 0:00,2,February
532,Stand-alone,Thailand,enim,2471,14.32,175.184,432879.664,,None,432879.664,397494.944,397494.944,2/3/2014 0:00,2,February
533,even-keeled,Indonesia,libero,2644,12.18,126.616,334772.704,,None,334772.704,302568.784,302568.784,4/17/2020 0:00,4,April
534,transitional,Brazil,lorem,674,126.53,196.836,132667.464,,None,132667.464,47386.244,47386.244,7/12/2016 0:00,7,July
535,extranet,China,odio,314,212.52,344.024,108023.536,,None,108023.536,41292.256,41292.256,6/27/2017 0:00,6,June
536,Multi-channelled,Hungary,in,553,140.12,339.144,187546.632,,None,187546.632,110060.272,110060.272,7/29/2019 0:00,7,July
537,attitude-oriented,Greece,tristique,2520,159.42,228.304,575326.08,,None,575326.08,173587.68,173587.68,7/29/2018 0:00,7,July
538,neural-net,China,scelerisque,2623,37.88,70.456,184806.088,,None,184806.088,85446.848,85446.848,7/12/2014 0:00,7,July
539,Seamless,Botswana,turpis,3334,118.85,214.62,715543.08,,None,715543.08,319297.18,319297.18,7/26/2017 0:00,7,July
540,Phased,Thailand,sollicitudin,3943,46.03,60.236,237510.548,,None,237510.548,56014.258,56014.258,3/10/2018 0:00,3,March
541,local area network,Indonesia,a,605,181,257.2,155606,,None,155606,46101,46101,11/23/2016 0:00,11,November
542,function,Russia,maecenas,3419,247.09,311.508,1065045.852,,None,1065045.852,220245.142,220245.142,7/4/2021 0:00,7,July
543,optimizing,China,condimentum,3696,105.39,324.468,1199233.728,,None,1199233.728,809712.288,809712.288,10/29/2013 0:00,10,October
544,User-centric,Botswana,fusce,2195,20.64,33.768,74120.76,,None,74120.76,28815.96,28815.96,7/14/2013 0:00,7,July
545,clear-thinking,China,tristique,1436,23.16,181.792,261053.312,,None,261053.312,227795.552,227795.552,3/28/2013 0:00,3,March
546,Advanced,Ukraine,mollis,1111,239.28,358.136,397889.096,,None,397889.096,132049.016,132049.016,4/20/2011 0:00,4,April
547,didactic,Russia,ligula,2202,121.67,223.004,491054.808,,None,491054.808,223137.468,223137.468,9/22/2016 0:00,9,September
548,Synergized,Indonesia,etiam,2074,170.39,349.468,724796.632,,None,724796.632,371407.772,371407.772,8/4/2019 0:00,8,August
549,process improvement,Philippines,tellus,2575,148.95,214.74,552955.5,,None,552955.5,169409.25,169409.25,6/13/2016 0:00,6,June
550,parallelism,China,odio,773,102.73,228.276,176457.348,,None,176457.348,97047.058,97047.058,5/15/2017 0:00,5,May
551,hybrid,France,leo,4413,92.4,282.88,1248349.44,,None,1248349.44,840588.24,840588.24,2/18/2015 0:00,2,February
552,Synergistic,Peru,eros,4482,136.67,332.004,1488041.928,,None,1488041.928,875486.988,875486.988,8/31/2015 0:00,8,August
553,Proactive,Indonesia,blandit,3128,180.43,416.516,1302862.048,,None,1302862.048,738477.008,738477.008,9/12/2020 0:00,9,September
554,Integrated,Russia,viverra,4264,115.95,314.14,1339492.96,,None,1339492.96,845082.16,845082.16,2/3/2019 0:00,2,February
555,moderator,China,tempus,3169,245.94,490.128,1553215.632,,None,1553215.632,773831.772,773831.772,1/17/2012 0:00,1,January
556,groupware,Indonesia,sed,3418,54.04,252.848,864234.464,,None,864234.464,679525.744,679525.744,4/2/2013 0:00,4,April
557,middleware,China,sed,2415,245.76,427.912,1033407.48,,None,1033407.48,439897.08,439897.08,6/17/2019 0:00,6,June
558,Cross-group,Indonesia,quisque,4110,30.14,133.168,547320.48,,None,547320.48,423445.08,423445.08,8/3/2011 0:00,8,August
559,systemic,France,massa,3240,6.08,50.296,162959.04,,None,162959.04,143259.84,143259.84,10/30/2014 0:00,10,October
560,neutral,Ukraine,integer,3102,72.07,172.484,535045.368,,None,535045.368,311484.228,311484.228,4/20/2012 0:00,4,April
561,throughput,Russia,et,3214,76.27,162.524,522352.136,,None,522352.136,277220.356,277220.356,1/18/2021 0:00,1,January
562,homogeneous,Chile,vel,3709,172.91,355.492,1318519.828,,None,1318519.828,677196.638,677196.638,5/31/2018 0:00,5,May
563,optimal,Sweden,eget,3120,137.56,182.072,568064.64,0.07,Discount Applied,568064.64,138877.44,138877.44,2/15/2015 0:00,2,February
564,well-modulated,Portugal,metus,1668,127.09,171.508,286075.344,,None,286075.344,74089.224,74089.224,3/20/2011 0:00,3,March
565,capability,China,augue,1706,140.81,295.972,504928.232,,None,504928.232,264706.372,264706.372,11/3/2010 0:00,11,November
566,Cross-group,Czech Republic,hac,1271,159.01,258.812,328950.052,,None,328950.052,126848.342,126848.342,1/7/2020 0:00,1,January
567,Polarised,South Africa,posuere,1201,173.68,277.416,333176.616,,None,333176.616,124586.936,124586.936,1/28/2022 0:00,1,January
568,foreground,Indonesia,elementum,228,23.35,45.02,10264.56,,None,10264.56,4940.76,4940.76,12/11/2020 0:00,12,December
569,Fundamental,China,varius,3806,159.02,215.824,821426.144,,None,821426.144,216196.024,216196.024,1/12/2011 0:00,1,January
570,Configurable,China,penatibus,3174,223.36,430.032,1364921.568,,None,1364921.568,655976.928,655976.928,12/1/2016 0:00,12,December
571,empowering,China,libero,1089,195.37,330.444,359853.516,,None,359853.516,147095.586,147095.586,10/29/2017 0:00,10,October
572,adapter,Paraguay,mauris,1572,105.66,315.792,496425.024,,None,496425.024,330327.504,330327.504,1/24/2021 0:00,1,January
573,user-facing,Poland,nisl,3926,4.23,125.076,491048.376,,None,491048.376,474441.396,474441.396,7/27/2019 0:00,7,July
574,explicit,Indonesia,orci,4210,36.92,230.304,969579.84,,None,969579.84,814146.64,814146.64,6/23/2020 0:00,6,June
575,task-force,China,varius,3715,190.22,363.264,1349525.76,,None,1349525.76,642858.46,642858.46,11/2/2012 0:00,11,November
576,Operative,Indonesia,lectus,3577,27.43,129.916,464709.532,,None,464709.532,366592.422,366592.422,4/19/2013 0:00,4,April
577,Virtual,China,eget,3017,46.97,245.364,740263.188,,None,740263.188,598554.698,598554.698,1/6/2014 0:00,1,January
578,methodology,United Kingdom,nam,2340,71.73,283.076,662397.84,0.08,Discount Applied,662397.84,494549.64,494549.64,2/16/2021 0:00,2,February
579,systemic,Argentina,congue,4329,224.76,286.712,1241176.248,,None,1241176.248,268190.208,268190.208,4/5/2016 0:00,4,April
580,initiative,Colombia,ut,2212,124.67,302.604,669360.048,,None,669360.048,393590.008,393590.008,1/4/2020 0:00,1,January
581,motivating,Italy,amet,3192,26.99,79.388,253406.496,,None,253406.496,167254.416,167254.416,1/2/2012 0:00,1,January
582,Focused,Indonesia,cum,782,85.78,253.936,198577.952,,None,198577.952,131497.992,131497.992,12/4/2012 0:00,12,December
583,multi-tasking,China,in,3086,227.61,438.132,1352075.352,,None,1352075.352,649670.892,649670.892,11/27/2019 0:00,11,November
584,4th generation,Faroe Islands,felis,160,131.7,267.04,42726.4,,None,42726.4,21654.4,21654.4,4/18/2015 0:00,4,April
585,Digitized,Sweden,interdum,437,229.57,398.484,174137.508,,None,174137.508,73815.418,73815.418,7/12/2019 0:00,7,July
586,non-volatile,China,et,4414,236.66,408.992,1805290.688,,None,1805290.688,760673.448,760673.448,11/26/2021 0:00,11,November
587,upward-trending,Indonesia,massa,1821,44.36,111.232,202553.472,,None,202553.472,121773.912,121773.912,7/28/2011 0:00,7,July
588,national,Greece,curae,3820,33.77,192.524,735441.68,,None,735441.68,606440.28,606440.28,2/28/2012 0:00,2,February
589,functionalities,Thailand,justo,3197,211.89,440.268,1407536.796,,None,1407536.796,730124.466,730124.466,11/7/2015 0:00,11,November
590,maximized,Thailand,porttitor,4281,114.52,179.424,768114.144,,None,768114.144,277854.024,277854.024,12/19/2016 0:00,12,December
591,Universal,Colombia,mattis,2898,112.8,219.36,635705.28,,None,635705.28,308810.88,308810.88,10/31/2019 0:00,10,October
592,synergy,United States,posuere,1716,148.16,184.792,317103.072,,None,317103.072,62860.512,62860.512,8/30/2020 0:00,8,August
593,logistical,Indonesia,pellentesque,1067,189.74,367.688,392323.096,,None,392323.096,189870.516,189870.516,6/14/2015 0:00,6,June
594,real-time,Poland,et,2650,34.7,61.64,163346,,None,163346,71391,71391,12/31/2020 0:00,12,December
595,mobile,China,maecenas,3458,79.24,253.088,875178.304,,None,875178.304,601166.384,601166.384,11/29/2012 0:00,11,November
596,Persevering,Russia,quis,998,199.52,264.424,263895.152,,None,263895.152,64774.192,64774.192,4/17/2018 0:00,4,April
597,dynamic,Norway,velit,4229,100.88,232.056,981364.824,0.03,Discount Applied,981364.824,554743.304,554743.304,12/31/2020 0:00,12,December
598,Persevering,China,hac,2784,147.8,289.36,805578.24,,None,805578.24,394103.04,394103.04,8/10/2013 0:00,8,August
599,reciprocal,Moldova,nullam,2660,56.46,104.752,278640.32,,None,278640.32,128456.72,128456.72,11/29/2010 0:00,11,November
600,Business-focused,Brazil,dui,3758,55.7,134.84,506728.72,,None,506728.72,297408.12,297408.12,4/10/2016 0:00,4,April
601,Multi-layered,China,scelerisque,804,164.93,222.916,179224.464,,None,179224.464,46620.744,46620.744,4/9/2019 0:00,4,April
602,Visionary,Japan,odio,692,81.92,191.304,132382.368,,None,132382.368,75693.728,75693.728,11/1/2012 0:00,11,November
603,middleware,South Korea,libero,1272,192.22,426.664,542716.608,,None,542716.608,298212.768,298212.768,2/11/2016 0:00,2,February
604,maximized,Canada,orci,3717,9.1,52.92,196703.64,,None,196703.64,162878.94,162878.94,11/16/2010 0:00,11,November
605,local,North Korea,nisi,2123,90.4,149.48,317346.04,,None,317346.04,125426.84,125426.84,7/31/2012 0:00,7,July
606,holistic,Colombia,vulputate,566,131.03,274.236,155217.576,,None,155217.576,81054.596,81054.596,6/20/2016 0:00,6,June
607,next generation,China,erat,3184,242.09,393.508,1252929.472,,None,1252929.472,482114.912,482114.912,8/27/2019 0:00,8,August
608,concept,Russia,eu,2292,141.15,170.38,390510.96,,None,390510.96,66995.16,66995.16,1/15/2014 0:00,1,January
609,Phased,China,cubilia,4476,174.45,261.34,1169757.84,0.06,Discount Applied,1169757.84,388919.64,388919.64,4/17/2020 0:00,4,April
610,disintermediate,China,suspendisse,4388,109.02,195.824,859275.712,,None,859275.712,380895.952,380895.952,4/30/2019 0:00,4,April
611,benchmark,Philippines,id,4389,226.76,324.112,1422527.568,,None,1422527.568,427277.928,427277.928,6/10/2018 0:00,6,June
612,Enhanced,China,nibh,603,79.7,157.64,95056.92,,None,95056.92,46997.82,46997.82,5/31/2019 0:00,5,May
613,Fundamental,Ukraine,proin,658,154.75,197.7,130086.6,,None,130086.6,28261.1,28261.1,9/27/2010 0:00,9,September
614,Graphical User Interface,Mexico,nec,2315,83.03,171.636,397337.34,,None,397337.34,205122.89,205122.89,4/13/2019 0:00,4,April
615,bandwidth-monitored,Indonesia,erat,2898,77.55,153.06,443567.88,,None,443567.88,218827.98,218827.98,8/26/2015 0:00,8,August
616,Self-enabling,Peru,massa,1364,76.71,155.052,211490.928,,None,211490.928,106858.488,106858.488,2/17/2020 0:00,2,February
617,interface,Poland,ultrices,1377,193.27,401.924,553449.348,,None,553449.348,287316.558,287316.558,12/21/2014 0:00,12,December
618,Upgradable,Kosovo,amet,4165,108.78,303.536,1264227.44,,None,1264227.44,811158.74,811158.74,7/12/2020 0:00,7,July
619,emulation,Ivory Coast,vel,673,86.64,155.968,104966.464,,None,104966.464,46657.744,46657.744,6/25/2018 0:00,6,June
620,directional,Nepal,nulla,2693,150.51,267.612,720679.116,,None,720679.116,315355.686,315355.686,12/14/2013 0:00,12,December
621,focus group,Japan,sagittis,3564,139.8,226.76,808172.64,,None,808172.64,309925.44,309925.44,8/21/2011 0:00,8,August
622,encoding,China,sapien,507,34.34,46.208,23427.456,0.03,Discount Applied,23427.456,6017.076,6017.076,9/22/2012 0:00,9,September
623,Digitized,Japan,tortor,475,191.94,374.328,177805.8,,None,177805.8,86634.3,86634.3,10/14/2012 0:00,10,October
624,Managed,China,at,4152,80.19,159.228,661114.656,,None,661114.656,328165.776,328165.776,10/24/2014 0:00,10,October
625,modular,China,varius,4393,216.78,265.136,1164742.448,,None,1164742.448,212427.908,212427.908,9/27/2019 0:00,9,September
626,Ameliorated,Argentina,justo,3846,162.84,382.408,1470741.168,,None,1470741.168,844458.528,844458.528,1/13/2012 0:00,1,January
627,policy,Philippines,nisl,4217,141.89,236.268,996342.156,,None,996342.156,397992.026,397992.026,4/11/2012 0:00,4,April
628,throughput,Cyprus,in,1652,185.6,249.72,412537.44,,None,412537.44,105926.24,105926.24,3/6/2017 0:00,3,March
629,incremental,Poland,ut,3206,59.54,241.448,774082.288,,None,774082.288,583197.048,583197.048,3/5/2022 0:00,3,March
630,Object-based,Russia,orci,3635,14.92,20.904,75986.04,,None,75986.04,21751.84,21751.84,7/26/2017 0:00,7,July
631,high-level,Brazil,elementum,2534,154.46,210.352,533031.968,,None,533031.968,141630.328,141630.328,8/14/2016 0:00,8,August
632,Implemented,Pakistan,mauris,707,130.33,256.396,181271.972,,None,181271.972,89128.662,89128.662,12/14/2020 0:00,12,December
633,Cross-platform,China,justo,3708,210.16,434.192,1609983.936,,None,1609983.936,830710.656,830710.656,1/11/2011 0:00,1,January
634,Grass-roots,China,dolor,526,45.47,121.564,63942.664,0.1,Discount Applied,63942.664,40025.444,40025.444,5/3/2017 0:00,5,May
635,foreground,Sweden,curabitur,3918,203.09,429.708,1683595.944,,None,1683595.944,887889.324,887889.324,5/5/2012 0:00,5,May
636,Sharable,Solomon Islands,quam,1576,50.56,228.672,360387.072,,None,360387.072,280704.512,280704.512,5/8/2022 0:00,5,May
637,matrices,China,in,899,100.99,190.188,170979.012,,None,170979.012,80189.002,80189.002,10/21/2010 0:00,10,October
638,orchestration,Portugal,sapien,2280,118.97,156.764,357421.92,0.03,Discount Applied,357421.92,86170.32,86170.32,9/12/2019 0:00,9,September
639,web-enabled,Canada,parturient,4386,44.02,198.824,872042.064,,None,872042.064,678970.344,678970.344,1/9/2022 0:00,1,January
640,secondary,China,leo,2433,52.91,83.492,203136.036,,None,203136.036,74406.006,74406.006,10/10/2015 0:00,10,October
641,content-based,Nicaragua,fusce,3355,63.36,120.032,402707.36,,None,402707.36,190134.56,190134.56,11/19/2016 0:00,11,November
642,Team-oriented,Portugal,erat,517,22.93,99.516,51449.772,,None,51449.772,39594.962,39594.962,7/2/2016 0:00,7,July
643,focus group,Moldova,erat,1608,113.04,149.648,240633.984,,None,240633.984,58865.664,58865.664,12/5/2015 0:00,12,December
644,tangible,Estonia,tortor,4345,81.86,274.232,1191538.04,0.05,Discount Applied,1191538.04,835856.34,835856.34,4/2/2017 0:00,4,April
645,Polarised,China,morbi,2624,117.85,252.42,662350.08,,None,662350.08,353111.68,353111.68,1/8/2014 0:00,1,January
646,Down-sized,Peru,diam,294,94.84,173.808,51099.552,,None,51099.552,23216.592,23216.592,11/30/2012 0:00,11,November
647,modular,Indonesia,mauris,4476,167.45,268.94,1203775.44,,None,1203775.44,454269.24,454269.24,6/25/2020 0:00,6,June
648,user-facing,Netherlands,aenean,3406,101.28,151.536,516131.616,,None,516131.616,171171.936,171171.936,8/16/2010 0:00,8,August
649,background,China,massa,1744,176.44,349.728,609925.632,,None,609925.632,302214.272,302214.272,7/28/2015 0:00,7,July
650,bandwidth-monitored,Mongolia,donec,1991,76.98,249.376,496507.616,,None,496507.616,343240.436,343240.436,4/24/2011 0:00,4,April
651,policy,Yemen,accumsan,3683,133.36,304.032,1119749.856,,None,1119749.856,628584.976,628584.976,7/26/2020 0:00,7,July
652,reciprocal,Seychelles,quisque,1406,148.5,334.2,469885.2,,None,469885.2,261094.2,261094.2,5/27/2015 0:00,5,May
653,knowledge user,Indonesia,leo,469,205.79,297.948,139737.612,,None,139737.612,43222.102,43222.102,5/6/2022 0:00,5,May
654,Function-based,Ireland,dui,1288,200.09,278.108,358203.104,,None,358203.104,100487.184,100487.184,6/13/2015 0:00,6,June
655,Front-line,Ivory Coast,scelerisque,2406,224.52,465.424,1119810.144,,None,1119810.144,579615.024,579615.024,9/24/2017 0:00,9,September
656,local area network,Philippines,metus,2316,75.62,288.744,668731.104,,None,668731.104,493595.184,493595.184,12/18/2013 0:00,12,December
657,Cross-platform,Iran,mauris,3806,71.34,126.608,481870.048,,None,481870.048,210350.008,210350.008,3/6/2011 0:00,3,March
658,transitional,Sweden,ut,1968,162.08,256.496,504784.128,,None,504784.128,185810.688,185810.688,7/5/2019 0:00,7,July
659,modular,Argentina,posuere,594,67.92,136.504,81083.376,,None,81083.376,40738.896,40738.896,9/4/2014 0:00,9,September
660,Graphical User Interface,Poland,elementum,2839,147.62,278.144,789650.816,,None,789650.816,370557.636,370557.636,3/25/2012 0:00,3,March
661,Secured,United States,a,3681,125.19,262.228,965261.268,,None,965261.268,504436.878,504436.878,5/18/2017 0:00,5,May
662,emulation,China,ridiculus,2060,90.71,292.852,603275.12,,None,603275.12,416412.52,416412.52,9/19/2021 0:00,9,September
663,middleware,China,est,3908,179.12,339.944,1328501.152,,None,1328501.152,628500.192,628500.192,3/25/2015 0:00,3,March
664,5th generation,China,orci,1517,242.74,336.288,510148.896,,None,510148.896,141912.316,141912.316,11/30/2012 0:00,11,November
665,zero defect,Indonesia,elementum,1461,169.68,349.616,510788.976,,None,510788.976,262886.496,262886.496,2/4/2018 0:00,2,February
666,collaboration,Yemen,odio,3863,140.34,178.408,689190.104,,None,689190.104,147056.684,147056.684,12/18/2016 0:00,12,December
667,website,China,nulla,3832,165.93,230.116,881804.512,,None,881804.512,245960.752,245960.752,7/7/2021 0:00,7,July
668,Front-line,Philippines,faucibus,674,247.75,355.3,239472.2,,None,239472.2,72488.7,72488.7,7/5/2021 0:00,7,July
669,Reverse-engineered,Guatemala,quisque,1576,93.7,113.44,178781.44,,None,178781.44,31110.24,31110.24,11/21/2011 0:00,11,November
670,throughput,Peru,tellus,4320,241.48,426.776,1843672.32,,None,1843672.32,800478.72,800478.72,1/22/2014 0:00,1,January
671,moderator,Indonesia,aliquet,1474,45.61,144.732,213334.968,,None,213334.968,146105.828,146105.828,12/17/2019 0:00,12,December
672,contingency,Portugal,vestibulum,1052,65.8,137.96,145133.92,,None,145133.92,75912.32,75912.32,1/19/2021 0:00,1,January
673,Focused,Mexico,rutrum,2067,121.04,314.248,649550.616,,None,649550.616,399360.936,399360.936,7/2/2018 0:00,7,July
674,conglomeration,Philippines,quam,848,155.02,347.024,294276.352,,None,294276.352,162819.392,162819.392,5/25/2015 0:00,5,May
675,adapter,Brazil,aliquam,58,175.16,375.192,21761.136,,None,21761.136,11601.856,11601.856,10/9/2010 0:00,10,October
676,Front-line,United States,consequat,3377,203.48,403.176,1361525.352,,None,1361525.352,674373.392,674373.392,7/27/2013 0:00,7,July
677,cohesive,Uruguay,dolor,884,172.62,366.144,323671.296,,None,323671.296,171075.216,171075.216,3/27/2016 0:00,3,March
678,motivating,Honduras,in,1860,45.52,194.624,362000.64,,None,362000.64,277333.44,277333.44,5/13/2015 0:00,5,May
679,optimal,Serbia,elementum,1794,157.83,233.396,418712.424,,None,418712.424,135565.404,135565.404,1/10/2014 0:00,1,January
680,emulation,Colombia,ullamcorper,2280,58.05,158.66,361744.8,,None,361744.8,229390.8,229390.8,6/1/2012 0:00,6,June
681,moratorium,Sweden,nulla,3593,175.94,250.128,898709.904,,None,898709.904,266557.484,266557.484,7/10/2014 0:00,7,July
682,Compatible,Philippines,leo,445,219.82,271.784,120943.88,,None,120943.88,23123.98,23123.98,7/12/2017 0:00,7,July
683,open system,Russia,accumsan,2815,134.93,179.916,506463.54,,None,506463.54,126635.59,126635.59,5/24/2020 0:00,5,May
684,Total,China,platea,3420,214.09,272.908,933345.36,,None,933345.36,201157.56,201157.56,11/14/2016 0:00,11,November
685,Stand-alone,China,lectus,2781,57.75,133.3,370707.3,,None,370707.3,210104.55,210104.55,1/22/2014 0:00,1,January
686,analyzing,Colombia,quam,1040,183.54,275.248,286257.92,,None,286257.92,95376.32,95376.32,6/26/2021 0:00,6,June
687,Optional,Vietnam,sapien,3378,80.31,167.372,565382.616,,None,565382.616,294095.436,294095.436,11/5/2015 0:00,11,November
688,collaboration,Nepal,ultrices,1680,132.13,333.556,560374.08,,None,560374.08,338395.68,338395.68,5/13/2016 0:00,5,May
689,project,Brazil,aliquet,523,136.25,299.5,156638.5,0.05,Discount Applied,156638.5,85379.75,85379.75,9/2/2020 0:00,9,September
690,neural-net,Portugal,augue,3074,83,206.6,635088.4,,None,635088.4,379946.4,379946.4,3/26/2015 0:00,3,March
691,tertiary,Philippines,donec,3785,172.73,402.276,1522614.66,,None,1522614.66,868831.61,868831.61,11/15/2012 0:00,11,November
692,Quality-focused,Latvia,in,2112,242.98,410.576,867136.512,,None,867136.512,353962.752,353962.752,1/10/2011 0:00,1,January
693,5th generation,Brazil,nunc,1470,2.44,139.928,205694.16,,None,205694.16,202107.36,202107.36,7/13/2010 0:00,7,July
694,parallelism,Indonesia,iaculis,1679,71.65,166.98,280359.42,0.09,Discount Applied,280359.42,160059.07,160059.07,4/1/2022 0:00,4,April
695,Phased,Croatia,elit,42,183.74,390.488,16400.496,,None,16400.496,8683.416,8683.416,6/12/2017 0:00,6,June
696,Centralized,Uganda,eu,4128,91.2,301.44,1244344.32,,None,1244344.32,867870.72,867870.72,5/10/2012 0:00,5,May
697,Distributed,Greece,blandit,1980,194.31,252.172,499300.56,,None,499300.56,114566.76,114566.76,6/10/2010 0:00,6,June
698,open architecture,United States,in,4467,225.53,390.636,1744971.012,,None,1744971.012,737528.502,737528.502,6/25/2019 0:00,6,June
699,interactive,Indonesia,risus,3520,5.57,181.684,639527.68,,None,639527.68,619921.28,619921.28,3/15/2021 0:00,3,March
700,productivity,South Korea,luctus,1336,59.63,251.556,336078.816,,None,336078.816,256413.136,256413.136,6/1/2018 0:00,6,June
701,firmware,China,lacinia,2528,101.35,232.62,588063.36,,None,588063.36,331850.56,331850.56,1/28/2013 0:00,1,January
702,Reverse-engineered,Norway,sagittis,2275,97.61,172.132,391600.3,,None,391600.3,169537.55,169537.55,7/17/2015 0:00,7,July
703,leading edge,Vietnam,iaculis,1575,195.68,262.816,413935.2,,None,413935.2,105739.2,105739.2,4/9/2020 0:00,4,April
704,access,Brazil,vestibulum,386,52.02,126.424,48799.664,,None,48799.664,28719.944,28719.944,2/16/2022 0:00,2,February
705,application,Indonesia,id,3763,80.08,211.096,794354.248,,None,794354.248,493013.208,493013.208,3/15/2013 0:00,3,March
706,structure,China,sed,2950,212.83,368.396,1086768.2,,None,1086768.2,458919.7,458919.7,11/30/2011 0:00,11,November
707,Diverse,Sweden,venenatis,3526,225.36,337.432,1189785.232,,None,1189785.232,395165.872,395165.872,6/4/2010 0:00,6,June
708,intranet,Portugal,tortor,3482,105.11,154.132,536687.624,,None,536687.624,170694.604,170694.604,9/20/2020 0:00,9,September
709,Sharable,Indonesia,lacinia,1215,209.83,344.796,418927.14,,None,418927.14,163983.69,163983.69,1/3/2016 0:00,1,January
710,Multi-channelled,Indonesia,convallis,1926,203.54,377.248,726579.648,,None,726579.648,334561.608,334561.608,10/27/2020 0:00,10,October
711,non-volatile,Brazil,est,1272,121.43,188.716,240046.752,,None,240046.752,85587.792,85587.792,12/22/2020 0:00,12,December
712,dedicated,China,sit,2089,123.69,268.428,560746.092,,None,560746.092,302357.682,302357.682,2/4/2021 0:00,2,February
713,neural-net,China,cubilia,2064,69.52,249.424,514811.136,,None,514811.136,371321.856,371321.856,6/5/2021 0:00,6,June
714,alliance,France,a,1140,229.56,307.472,350518.08,,None,350518.08,88819.68,88819.68,3/6/2017 0:00,3,March
715,knowledge user,Myanmar,nec,1861,239.76,408.712,760613.032,,None,760613.032,314419.672,314419.672,9/20/2013 0:00,9,September
716,Balanced,Ukraine,a,1109,185.5,400.6,444265.4,0.03,Discount Applied,444265.4,238545.9,238545.9,12/3/2013 0:00,12,December
717,productivity,China,dictumst,590,87.17,209.604,123666.36,,None,123666.36,72236.06,72236.06,6/28/2013 0:00,6,June
718,local,Brazil,commodo,2160,89.63,157.556,340320.96,,None,340320.96,146720.16,146720.16,2/24/2016 0:00,2,February
719,Focused,Philippines,rhoncus,2609,202.83,361.396,942882.164,,None,942882.164,413698.694,413698.694,4/17/2020 0:00,4,April
720,maximized,Bolivia,vel,4438,158.96,314.752,1396869.376,,None,1396869.376,691404.896,691404.896,5/8/2022 0:00,5,May
721,solution-oriented,Pakistan,duis,71,76.19,274.428,19484.388,,None,19484.388,14074.898,14074.898,9/5/2013 0:00,9,September
722,paradigm,Russia,aliquam,99,19.23,118.076,11689.524,,None,11689.524,9785.754,9785.754,10/8/2020 0:00,10,October
723,scalable,Indonesia,feugiat,2516,160.46,211.552,532264.832,,None,532264.832,128547.472,128547.472,5/2/2016 0:00,5,May
724,analyzing,Philippines,suscipit,3678,212.98,411.576,1513776.528,,None,1513776.528,730436.088,730436.088,9/22/2017 0:00,9,September
725,function,Ukraine,enim,3688,153.58,333.296,1229195.648,,None,1229195.648,662792.608,662792.608,5/23/2014 0:00,5,May
726,Advanced,Indonesia,donec,2115,185.55,237.66,502650.9,0.06,Discount Applied,502650.9,110212.65,110212.65,4/26/2012 0:00,4,April
727,Versatile,Poland,amet,2959,158.26,387.912,1147831.608,,None,1147831.608,679540.268,679540.268,2/1/2011 0:00,2,February
728,knowledge user,Poland,rutrum,429,151.78,273.136,117175.344,,None,117175.344,52061.724,52061.724,8/19/2021 0:00,8,August
729,workforce,China,natoque,3863,223.5,354.2,1368274.6,,None,1368274.6,504894.1,504894.1,3/20/2020 0:00,3,March
730,bottom-line,China,non,3171,41.86,195.232,619080.672,,None,619080.672,486342.612,486342.612,4/15/2017 0:00,4,April
731,Optimized,Ethiopia,vel,2010,29.89,89.868,180634.68,,None,180634.68,120555.78,120555.78,5/28/2020 0:00,5,May
732,motivating,Poland,sed,1607,14.49,203.388,326844.516,,None,326844.516,303559.086,303559.086,9/25/2011 0:00,9,September
733,value-added,New Zealand,adipiscing,3320,117.03,246.436,818167.52,,None,818167.52,429627.92,429627.92,1/20/2019 0:00,1,January
734,Mandatory,Greece,curabitur,4207,4.8,68.76,289273.32,,None,289273.32,269079.72,269079.72,7/26/2016 0:00,7,July
735,dedicated,Pakistan,morbi,2716,209.41,400.292,1087193.072,,None,1087193.072,518435.512,518435.512,6/22/2015 0:00,6,June
736,zero tolerance,Philippines,ullamcorper,1873,195.45,333.54,624720.42,,None,624720.42,258642.57,258642.57,8/27/2019 0:00,8,August
737,maximized,Sweden,rutrum,2850,215.9,358.08,1020528,,None,1020528,405213,405213,6/12/2016 0:00,6,June
738,Expanded,Colombia,mauris,420,12.56,162.072,68070.24,,None,68070.24,62795.04,62795.04,2/17/2011 0:00,2,February
739,utilisation,Norway,orci,2676,181.21,416.452,1114425.552,,None,1114425.552,629507.592,629507.592,8/2/2018 0:00,8,August
740,radical,Indonesia,in,2427,227.69,349.228,847576.356,,None,847576.356,294972.726,294972.726,3/3/2012 0:00,3,March
741,Up-sized,Indonesia,sapien,4480,22.28,80.736,361697.28,,None,361697.28,261882.88,261882.88,1/11/2022 0:00,1,January
742,Grass-roots,Nigeria,ullamcorper,2701,34.68,113.616,306876.816,,None,306876.816,213206.136,213206.136,4/15/2018 0:00,4,April
743,Optional,China,non,4107,167.07,203.484,835708.788,,None,835708.788,149552.298,149552.298,5/23/2018 0:00,5,May
744,extranet,China,eros,2092,6.27,193.524,404852.208,,None,404852.208,391735.368,391735.368,3/16/2012 0:00,3,March
745,artificial intelligence,Russia,hac,891,99.65,172.58,153768.78,,None,153768.78,64980.63,64980.63,4/10/2022 0:00,4,April
746,array,Slovenia,lacinia,3703,147.36,266.832,988078.896,,None,988078.896,442404.816,442404.816,8/20/2017 0:00,8,August
747,actuating,China,at,1474,227.75,305.3,450012.2,,None,450012.2,114308.7,114308.7,2/15/2022 0:00,2,February
748,Horizontal,Libya,sit,3529,14.18,137.016,483529.464,,None,483529.464,433488.244,433488.244,9/8/2018 0:00,9,September
749,system-worthy,Finland,pellentesque,2799,227.42,358.904,1004572.296,,None,1004572.296,368023.716,368023.716,4/25/2016 0:00,4,April
750,Synergized,Japan,et,2378,155.78,353.936,841659.808,,None,841659.808,471214.968,471214.968,9/14/2015 0:00,9,September
751,neutral,China,quam,758,47.6,172.12,130466.96,,None,130466.96,94386.16,94386.16,12/16/2017 0:00,12,December
752,zero tolerance,Ukraine,nulla,3243,73.37,113.044,366601.692,,None,366601.692,128662.782,128662.782,1/17/2014 0:00,1,January
753,composite,Philippines,pede,4415,9.08,46.896,207045.84,,None,207045.84,166957.64,166957.64,8/30/2017 0:00,8,August
754,foreground,China,eget,3756,188.02,360.624,1354503.744,,None,1354503.744,648300.624,648300.624,5/6/2021 0:00,5,May
755,6th generation,Uzbekistan,ipsum,4190,205.19,326.228,1366895.32,,None,1366895.32,507149.22,507149.22,8/11/2014 0:00,8,August
756,intranet,Vietnam,est,2693,133.1,319.72,861005.96,,None,861005.96,502567.66,502567.66,1/21/2011 0:00,1,January
757,architecture,Armenia,ut,2303,125.11,226.132,520781.996,0.09,Discount Applied,520781.996,232653.666,232653.666,3/14/2012 0:00,3,March
758,User-centric,Russia,quis,3809,213.79,451.548,1719946.332,,None,1719946.332,905620.222,905620.222,8/27/2019 0:00,8,August
759,Decentralized,China,eget,3009,120.89,288.068,866796.612,,None,866796.612,503038.602,503038.602,7/23/2015 0:00,7,July
760,national,United States,justo,1621,54.33,230.196,373147.716,,None,373147.716,285078.786,285078.786,10/9/2016 0:00,10,October
761,internet solution,Brazil,parturient,235,77,247.4,58139,,None,58139,40044,40044,1/16/2014 0:00,1,January
762,bottom-line,Paraguay,morbi,3047,68.28,220.936,673191.992,0.05,Discount Applied,673191.992,465142.832,465142.832,5/12/2015 0:00,5,May
763,heuristic,Vietnam,mattis,987,4.44,149.328,147386.736,,None,147386.736,143004.456,143004.456,6/11/2021 0:00,6,June
764,matrix,Greece,et,2285,36.42,89.704,204973.64,,None,204973.64,121753.94,121753.94,6/12/2012 0:00,6,June
765,Quality-focused,Poland,quis,519,134.43,244.316,126800.004,,None,126800.004,57030.834,57030.834,10/2/2012 0:00,10,October
766,hierarchy,Russia,elit,4025,19.94,77.928,313660.2,,None,313660.2,233401.7,233401.7,12/5/2016 0:00,12,December
767,systemic,Palestinian Territory,sed,1402,55.27,125.324,175704.248,,None,175704.248,98215.708,98215.708,1/23/2021 0:00,1,January
768,grid-enabled,China,morbi,3625,3.69,13.428,48676.5,,None,48676.5,35300.25,35300.25,12/29/2020 0:00,12,December
769,moratorium,United States,ridiculus,898,228.41,332.092,298218.616,,None,298218.616,93106.436,93106.436,9/10/2020 0:00,9,September
770,contingency,Thailand,cursus,197,36.27,64.524,12711.228,,None,12711.228,5566.038,5566.038,2/17/2016 0:00,2,February
771,Triple-buffered,Mexico,nam,3476,192.52,257.024,893415.424,,None,893415.424,224215.904,224215.904,6/26/2017 0:00,6,June
772,tertiary,Czech Republic,quis,692,143.15,371.78,257271.76,0.03,Discount Applied,257271.76,158211.96,158211.96,3/9/2017 0:00,3,March
773,adapter,Finland,lorem,2310,91.92,305.304,705252.24,,None,705252.24,492917.04,492917.04,1/13/2022 0:00,1,January
774,Innovative,Brazil,tortor,1978,223.53,416.236,823314.808,,None,823314.808,381172.468,381172.468,7/28/2020 0:00,7,July
775,ability,China,cras,626,235.88,406.056,254191.056,,None,254191.056,106530.176,106530.176,6/28/2018 0:00,6,June
776,Innovative,China,pellentesque,1470,182.76,242.312,356198.64,,None,356198.64,87541.44,87541.44,3/17/2016 0:00,3,March
777,bi-directional,Portugal,porttitor,2002,113.62,141.344,282970.688,,None,282970.688,55503.448,55503.448,4/20/2018 0:00,4,April
778,mobile,Indonesia,porta,2916,216.89,327.268,954313.488,,None,954313.488,321862.248,321862.248,9/24/2021 0:00,9,September
779,client-server,Philippines,tempus,409,110.45,250.54,102470.86,,None,102470.86,57296.81,57296.81,12/5/2014 0:00,12,December
780,Multi-channelled,Russia,tellus,2841,11.64,103.968,295373.088,,None,295373.088,262303.848,262303.848,1/17/2017 0:00,1,January
781,analyzing,Philippines,nunc,839,72.91,202.492,169890.788,0.04,Discount Applied,169890.788,108719.298,108719.298,1/3/2017 0:00,1,January
782,Down-sized,Philippines,venenatis,1064,169.97,399.964,425561.696,,None,425561.696,244713.616,244713.616,1/7/2020 0:00,1,January
783,User-friendly,Morocco,non,1348,77.6,281.12,378949.76,,None,378949.76,274344.96,274344.96,1/25/2011 0:00,1,January
784,De-engineered,Mexico,nulla,2592,123.4,156.08,404559.36,,None,404559.36,84706.56,84706.56,3/11/2012 0:00,3,March
785,Advanced,Morocco,id,3360,190.63,329.756,1107980.16,,None,1107980.16,467463.36,467463.36,12/19/2011 0:00,12,December
786,Implemented,Brazil,eget,258,151.33,201.596,52011.768,,None,52011.768,12968.628,12968.628,11/26/2020 0:00,11,November
787,help-desk,Portugal,laoreet,1966,25.77,216.924,426472.584,,None,426472.584,375808.764,375808.764,7/18/2018 0:00,7,July
788,Balanced,United States,ultrices,3123,189.15,237.98,743211.54,,None,743211.54,152496.09,152496.09,5/14/2011 0:00,5,May
789,Team-oriented,China,phasellus,4239,183.73,345.476,1464472.764,,None,1464472.764,685641.294,685641.294,12/12/2011 0:00,12,December
790,Operative,Tunisia,vestibulum,145,56.75,122.1,17704.5,,None,17704.5,9475.75,9475.75,12/2/2010 0:00,12,December
791,client-driven,Tajikistan,maecenas,4345,140.33,216.396,940240.62,,None,940240.62,330506.77,330506.77,9/23/2017 0:00,9,September
792,middleware,Jordan,morbi,2735,141.44,286.728,784201.08,,None,784201.08,397362.68,397362.68,6/26/2011 0:00,6,June
793,capacity,Colombia,vestibulum,2471,10.4,158.48,391604.08,,None,391604.08,365905.68,365905.68,2/20/2021 0:00,2,February
794,Implemented,Indonesia,vestibulum,3318,140.77,227.924,756251.832,,None,756251.832,289176.972,289176.972,11/7/2017 0:00,11,November
795,interactive,Indonesia,tincidunt,1600,78.7,128.44,205504,,None,205504,79584,79584,11/23/2016 0:00,11,November
796,conglomeration,China,turpis,2360,90.2,131.24,309726.4,,None,309726.4,96854.4,96854.4,12/11/2010 0:00,12,December
797,cohesive,Indonesia,etiam,3237,56.39,264.668,856730.316,,None,856730.316,674195.886,674195.886,8/29/2017 0:00,8,August
798,Devolved,Lebanon,etiam,1685,205.9,300.08,505634.8,,None,505634.8,158693.3,158693.3,9/3/2012 0:00,9,September
799,asymmetric,Panama,morbi,1837,162.22,386.664,710301.768,,None,710301.768,412303.628,412303.628,3/4/2016 0:00,3,March
800,leverage,Sweden,suspendisse,417,150.37,362.444,151139.148,,None,151139.148,88434.858,88434.858,3/23/2020 0:00,3,March
801,toolset,Russia,ut,457,192.31,387.772,177211.804,,None,177211.804,89326.134,89326.134,2/15/2018 0:00,2,February
802,national,Argentina,quis,3033,28.58,123.296,373956.768,,None,373956.768,287273.628,287273.628,12/27/2010 0:00,12,December
803,mobile,Nicaragua,in,2629,9.37,69.244,182042.476,,None,182042.476,157408.746,157408.746,10/1/2020 0:00,10,October
804,local,Indonesia,ultrices,4258,150.97,323.164,1376032.312,,None,1376032.312,733202.052,733202.052,4/7/2012 0:00,4,April
805,internet solution,China,congue,3885,123.25,208.9,811576.5,,None,811576.5,332750.25,332750.25,3/15/2019 0:00,3,March
806,extranet,Indonesia,orci,1830,208.87,406.644,744158.52,,None,744158.52,361926.42,361926.42,1/1/2020 0:00,1,January
807,core,Morocco,pretium,315,184.2,331.04,104277.6,,None,104277.6,46254.6,46254.6,7/1/2019 0:00,7,July
808,Programmable,Canada,potenti,2637,202.42,421.904,1112560.848,,None,1112560.848,578779.308,578779.308,1/1/2021 0:00,1,January
809,client-server,Indonesia,fusce,1508,71.09,142.308,214600.464,,None,214600.464,107396.744,107396.744,3/29/2014 0:00,3,March
810,Vision-oriented,Indonesia,nulla,3285,122.18,262.616,862693.56,,None,862693.56,461332.26,461332.26,1/3/2014 0:00,1,January
811,composite,Indonesia,etiam,2881,178.38,345.056,994106.336,,None,994106.336,480193.556,480193.556,1/21/2011 0:00,1,January
812,hardware,United States,tellus,1285,71.75,227.1,291823.5,,None,291823.5,199624.75,199624.75,5/12/2011 0:00,5,May
813,incremental,Philippines,vehicula,2184,9.59,12.508,27317.472,0.06,Discount Applied,27317.472,6372.912,6372.912,4/28/2021 0:00,4,April
814,directional,China,ac,3896,249.39,470.268,1832164.128,,None,1832164.128,860540.688,860540.688,9/20/2013 0:00,9,September
815,Synergized,Malawi,leo,3984,6.4,9.68,38565.12,,None,38565.12,13067.52,13067.52,10/25/2018 0:00,10,October
816,Centralized,China,lorem,4209,156.84,252.208,1061543.472,,None,1061543.472,401403.912,401403.912,2/28/2019 0:00,2,February
817,real-time,Macedonia,lacus,2757,127.06,265.472,731906.304,,None,731906.304,381601.884,381601.884,11/27/2017 0:00,11,November
818,data-warehouse,China,accumsan,1332,35.44,153.528,204499.296,,None,204499.296,157293.216,157293.216,5/28/2015 0:00,5,May
819,Implemented,United States,vestibulum,2698,147.54,259.048,698911.504,0.03,Discount Applied,698911.504,300848.584,300848.584,8/4/2014 0:00,8,August
820,access,Russia,aliquet,3275,41.25,180.5,591137.5,,None,591137.5,456043.75,456043.75,5/13/2018 0:00,5,May
821,fresh-thinking,Chile,velit,2819,205.69,414.828,1169400.132,,None,1169400.132,589560.022,589560.022,9/9/2019 0:00,9,September
822,Inverse,Panama,suscipit,4494,82.73,243.276,1093282.344,,None,1093282.344,721493.724,721493.724,11/14/2017 0:00,11,November
823,composite,Djibouti,vivamus,4250,55.63,204.756,870213,,None,870213,633785.5,633785.5,7/14/2015 0:00,7,July
824,knowledge user,Indonesia,nisl,1264,145.16,290.192,366802.688,,None,366802.688,183320.448,183320.448,6/27/2020 0:00,6,June
825,website,Greece,porta,4049,140.59,221.708,897695.692,0.04,Discount Applied,897695.692,328446.782,328446.782,7/4/2021 0:00,7,July
826,hybrid,Cuba,at,3112,183.61,245.332,763473.184,,None,763473.184,192078.864,192078.864,11/23/2015 0:00,11,November
827,5th generation,Poland,consectetuer,745,81.52,275.824,205488.88,,None,205488.88,144756.48,144756.48,9/3/2018 0:00,9,September
828,Reactive,Indonesia,ut,558,247.71,346.252,193208.616,,None,193208.616,54986.436,54986.436,3/3/2011 0:00,3,March
829,Robust,United States,varius,891,43.91,101.692,90607.572,0.06,Discount Applied,90607.572,51483.762,51483.762,6/24/2019 0:00,6,June
830,scalable,Poland,ante,4211,150.84,248.008,1044361.688,0.07,Discount Applied,1044361.688,409174.448,409174.448,8/8/2015 0:00,8,August
831,instruction set,Ukraine,posuere,1510,245.78,389.936,588803.36,,None,588803.36,217675.56,217675.56,1/12/2017 0:00,1,January
832,Optional,China,at,850,54.5,111.4,94690,,None,94690,48365,48365,7/28/2016 0:00,7,July
833,5th generation,Hungary,sed,3704,228.04,317.648,1176568.192,,None,1176568.192,331908.032,331908.032,11/11/2016 0:00,11,November
834,Innovative,Brazil,neque,2335,66.16,99.392,232080.32,,None,232080.32,77596.72,77596.72,5/1/2017 0:00,5,May
835,even-keeled,Indonesia,aliquet,2485,86.84,133.208,331021.88,,None,331021.88,115224.48,115224.48,11/3/2014 0:00,11,November
836,Object-based,Angola,sed,1221,139.12,330.944,404082.624,0.08,Discount Applied,404082.624,234217.104,234217.104,12/5/2011 0:00,12,December
837,data-warehouse,Philippines,dolor,3446,35.31,133.372,459599.912,,None,459599.912,337921.652,337921.652,3/14/2022 0:00,3,March
838,extranet,Belarus,gravida,2365,209.5,275.4,651321,,None,651321,155853.5,155853.5,5/2/2012 0:00,5,May
839,protocol,Madagascar,aliquet,777,61.44,74.728,58063.656,0.07,Discount Applied,58063.656,10324.776,10324.776,2/1/2012 0:00,2,February
840,De-engineered,Sweden,consectetuer,1730,166.59,298.908,517110.84,,None,517110.84,228910.14,228910.14,11/13/2011 0:00,11,November
841,ability,Papua New Guinea,amet,602,83.41,147.092,88549.384,,None,88549.384,38336.564,38336.564,4/7/2017 0:00,4,April
842,optimizing,Japan,nulla,709,143.69,304.428,215839.452,,None,215839.452,113963.242,113963.242,6/29/2018 0:00,6,June
843,Configurable,Philippines,habitasse,1241,150.62,298.744,370741.304,,None,370741.304,183821.884,183821.884,8/19/2010 0:00,8,August
844,hardware,Greece,ornare,3241,56.67,175.004,567187.964,,None,567187.964,383520.494,383520.494,7/10/2020 0:00,7,July
845,bottom-line,Slovenia,tortor,1644,53.99,262.788,432023.472,,None,432023.472,343263.912,343263.912,8/19/2013 0:00,8,August
846,Open-source,France,eleifend,2821,118.6,147.32,415589.72,,None,415589.72,81019.12,81019.12,8/15/2013 0:00,8,August
847,Face to face,Portugal,nulla,586,14.81,189.772,111206.392,0.09,Discount Applied,111206.392,102527.732,102527.732,10/7/2019 0:00,10,October
848,definition,United States,rutrum,111,156.24,210.488,23364.168,,None,23364.168,6021.528,6021.528,8/2/2018 0:00,8,August
849,leading edge,China,purus,3308,6.28,159.536,527745.088,0.04,Discount Applied,527745.088,506970.848,506970.848,10/2/2020 0:00,10,October
850,strategy,Thailand,eget,3432,234.5,438.4,1504588.8,,None,1504588.8,699784.8,699784.8,5/4/2016 0:00,5,May
851,Enterprise-wide,China,lorem,1773,18.41,139.092,246610.116,,None,246610.116,213969.186,213969.186,8/9/2015 0:00,8,August
852,bi-directional,Indonesia,aenean,2587,136.31,257.572,666338.764,,None,666338.764,313704.794,313704.794,4/25/2017 0:00,4,April
853,access,Venezuela,nunc,2640,96.58,146.896,387805.44,,None,387805.44,132834.24,132834.24,6/25/2014 0:00,6,June
854,Multi-tiered,China,ligula,3192,4.37,145.244,463618.848,0.04,Discount Applied,463618.848,449669.808,449669.808,8/4/2015 0:00,8,August
855,mobile,Tajikistan,non,558,223.39,419.068,233839.944,,None,233839.944,109188.324,109188.324,10/22/2016 0:00,10,October
856,impactful,Brazil,lacus,2073,61.99,191.388,396747.324,,None,396747.324,268242.054,268242.054,8/2/2012 0:00,8,August
857,bi-directional,China,sed,1775,52.55,186.06,330256.5,,None,330256.5,236980.25,236980.25,8/19/2015 0:00,8,August
858,mission-critical,Sweden,odio,3999,1.81,175.172,700512.828,,None,700512.828,693274.638,693274.638,6/3/2011 0:00,6,June
859,optimal,Czech Republic,vestibulum,826,53.8,128.56,106190.56,,None,106190.56,61751.76,61751.76,7/24/2017 0:00,7,July
860,Operative,China,integer,1004,103.64,290.368,291529.472,,None,291529.472,187474.912,187474.912,8/19/2014 0:00,8,August
861,bi-directional,China,porttitor,3231,19.5,75.4,243617.4,,None,243617.4,180612.9,180612.9,9/10/2016 0:00,9,September
862,Innovative,Philippines,ullamcorper,4265,164.35,341.22,1455303.3,,None,1455303.3,754350.55,754350.55,12/11/2017 0:00,12,December
863,Fully-configurable,Philippines,tempor,2377,11.45,101.74,241835.98,,None,241835.98,214619.33,214619.33,12/24/2014 0:00,12,December
864,task-force,Philippines,proin,2287,162.84,392.408,897437.096,,None,897437.096,525022.016,525022.016,4/16/2020 0:00,4,April
865,Advanced,Cameroon,mattis,936,208.37,331.044,309857.184,,None,309857.184,114822.864,114822.864,6/24/2017 0:00,6,June
866,Graphical User Interface,South Africa,donec,388,81.97,212.364,82397.232,,None,82397.232,50592.872,50592.872,8/5/2010 0:00,8,August
867,synergy,Czech Republic,eu,1641,152.66,355.192,582870.072,,None,582870.072,332355.012,332355.012,9/4/2019 0:00,9,September
868,Profit-focused,Indonesia,neque,2654,42.34,76.808,203848.432,,None,203848.432,91478.072,91478.072,7/9/2019 0:00,7,July
869,Profound,China,posuere,3454,11.32,30.584,105637.136,,None,105637.136,66537.856,66537.856,6/14/2016 0:00,6,June
870,national,China,vestibulum,846,205.58,279.696,236622.816,,None,236622.816,62702.136,62702.136,9/22/2020 0:00,9,September
871,analyzing,France,sapien,1398,78.36,135.032,188774.736,,None,188774.736,79227.456,79227.456,3/2/2014 0:00,3,March
872,asynchronous,Thailand,dolor,2284,108.17,252.804,577404.336,,None,577404.336,330344.056,330344.056,11/16/2013 0:00,11,November
873,clear-thinking,Philippines,duis,3116,189.31,425.172,1324835.952,,None,1324835.952,734945.992,734945.992,5/28/2020 0:00,5,May
874,zero tolerance,Kuwait,quisque,4082,67.9,135.48,553029.36,,None,553029.36,275861.56,275861.56,12/21/2013 0:00,12,December
875,Programmable,China,volutpat,3258,191.64,241.968,788331.744,,None,788331.744,163968.624,163968.624,1/11/2022 0:00,1,January
876,bifurcated,Russia,volutpat,2923,223.16,447.792,1308896.016,,None,1308896.016,656599.336,656599.336,2/13/2022 0:00,2,February
877,matrix,Serbia,dictumst,3368,40.07,117.084,394338.912,,None,394338.912,259383.152,259383.152,12/5/2021 0:00,12,December
878,zero tolerance,China,lorem,2492,179.12,347.944,867076.448,,None,867076.448,420709.408,420709.408,7/29/2014 0:00,7,July
879,knowledge user,Philippines,felis,3706,169.73,216.676,803001.256,,None,803001.256,173981.876,173981.876,1/15/2021 0:00,1,January
880,Versatile,Gambia,lectus,1167,32.56,140.072,163464.024,,None,163464.024,125466.504,125466.504,1/19/2019 0:00,1,January
881,multi-state,Slovenia,est,4054,98.68,318.416,1290858.464,,None,1290858.464,890809.744,890809.744,11/13/2019 0:00,11,November
882,intranet,Nigeria,lacinia,3093,14.79,204.748,633285.564,,None,633285.564,587540.094,587540.094,1/5/2018 0:00,1,January
883,customer loyalty,Nigeria,orci,2543,109.73,184.676,469631.068,,None,469631.068,190587.678,190587.678,10/30/2015 0:00,10,October
884,interface,Philippines,sit,1697,38.76,205.512,348753.864,,None,348753.864,282978.144,282978.144,10/16/2017 0:00,10,October
885,implementation,China,elementum,1839,12.18,156.616,288016.824,,None,288016.824,265617.804,265617.804,5/5/2016 0:00,5,May
886,alliance,Indonesia,dis,3013,18.96,107.752,324656.776,,None,324656.776,267530.296,267530.296,1/3/2019 0:00,1,January
887,Quality-focused,China,nascetur,2333,65.74,262.888,613317.704,,None,613317.704,459946.284,459946.284,11/20/2014 0:00,11,November
888,success,Sweden,pellentesque,1773,50.7,177.84,315310.32,,None,315310.32,225419.22,225419.22,6/18/2021 0:00,6,June
889,Expanded,Indonesia,aliquam,2366,202.2,368.64,872202.24,,None,872202.24,393797.04,393797.04,4/27/2011 0:00,4,April
890,bottom-line,Chile,odio,683,91.16,206.392,140965.736,,None,140965.736,78703.456,78703.456,7/15/2020 0:00,7,July
891,analyzing,Japan,a,2787,249.67,367.604,1024512.348,,None,1024512.348,328682.058,328682.058,6/29/2013 0:00,6,June
892,complexity,Brazil,vel,1531,204.1,252.92,387220.52,,None,387220.52,74743.42,74743.42,1/8/2018 0:00,1,January
893,Cross-platform,Poland,elementum,1757,136.94,177.328,311565.296,,None,311565.296,70961.716,70961.716,7/20/2012 0:00,7,July
894,fresh-thinking,China,odio,78,169.08,367.896,28695.888,0.09,Discount Applied,28695.888,15507.648,15507.648,5/21/2015 0:00,5,May
895,Stand-alone,Bulgaria,enim,2491,60.38,202.456,504317.896,,None,504317.896,353911.316,353911.316,10/30/2011 0:00,10,October
896,well-modulated,Peru,ac,648,205.44,434.528,281574.144,,None,281574.144,148449.024,148449.024,8/23/2010 0:00,8,August
897,Implemented,Portugal,dui,294,42.14,57.568,16924.992,,None,16924.992,4535.832,4535.832,10/29/2014 0:00,10,October
898,process improvement,Moldova,duis,4388,171.37,390.644,1714145.872,,None,1714145.872,962174.312,962174.312,5/31/2017 0:00,5,May
899,Phased,Indonesia,augue,3485,190.65,261.78,912303.3,,None,912303.3,247888.05,247888.05,5/31/2012 0:00,5,May
900,cohesive,Ukraine,posuere,2759,137.42,295.904,816399.136,,None,816399.136,437257.356,437257.356,12/1/2012 0:00,12,December
901,moratorium,Philippines,nisl,4157,66.68,134.016,557104.512,,None,557104.512,279915.752,279915.752,10/26/2010 0:00,10,October
902,24/7,Cyprus,pede,967,80.79,233.948,226227.716,,None,226227.716,148103.786,148103.786,12/22/2018 0:00,12,December
903,Managed,Indonesia,ligula,765,33.66,57.392,43904.88,,None,43904.88,18154.98,18154.98,8/20/2020 0:00,8,August
904,access,Dominican Republic,convallis,3905,6.5,62.8,245234,,None,245234,219851.5,219851.5,10/11/2014 0:00,10,October
905,executive,Egypt,enim,431,67.37,149.844,64582.764,,None,64582.764,35546.294,35546.294,3/16/2022 0:00,3,March
906,coherent,Azerbaijan,aliquam,926,104.18,160.016,148174.816,0.03,Discount Applied,148174.816,51704.136,51704.136,3/20/2018 0:00,3,March
907,zero administration,Philippines,id,4427,149.29,335.148,1483700.196,,None,1483700.196,822793.366,822793.366,6/29/2012 0:00,6,June
908,Intuitive,Malaysia,sit,1721,230.04,315.048,542197.608,,None,542197.608,146298.768,146298.768,1/21/2020 0:00,1,January
909,Customizable,Czech Republic,non,2482,202.06,394.472,979079.504,,None,979079.504,477566.584,477566.584,1/1/2020 0:00,1,January
910,Intuitive,Indonesia,blandit,1634,226.91,296.292,484141.128,,None,484141.128,113370.188,113370.188,6/29/2018 0:00,6,June
911,User-centric,Sierra Leone,nunc,297,232.91,370.492,110036.124,,None,110036.124,40861.854,40861.854,11/1/2020 0:00,11,November
912,Ameliorated,Japan,justo,2425,228.15,365.78,887016.5,,None,887016.5,333752.75,333752.75,3/4/2011 0:00,3,March
913,Enhanced,China,pretium,1493,112.56,291.072,434570.496,,None,434570.496,266518.416,266518.416,7/14/2016 0:00,7,July
914,optimal,Brazil,at,199,27.83,182.396,36296.804,,None,36296.804,30758.634,30758.634,6/16/2017 0:00,6,June
915,Diverse,Estonia,magna,2595,13.12,215.744,559855.68,,None,559855.68,525809.28,525809.28,8/30/2012 0:00,8,August
916,data-warehouse,South Korea,maecenas,394,188.55,352.26,138790.44,,None,138790.44,64501.74,64501.74,5/17/2020 0:00,5,May
917,even-keeled,China,risus,1123,108.06,310.672,348884.656,,None,348884.656,227533.276,227533.276,8/8/2015 0:00,8,August
918,Visionary,Slovenia,justo,1519,12.3,138.76,210776.44,,None,210776.44,192092.74,192092.74,1/11/2018 0:00,1,January
919,intermediate,China,curae,708,42.04,111.448,78905.184,,None,78905.184,49140.864,49140.864,4/3/2015 0:00,4,April
920,fresh-thinking,Russia,volutpat,1943,103.05,167.66,325763.38,,None,325763.38,125537.23,125537.23,11/29/2021 0:00,11,November
921,local area network,China,etiam,4027,56.53,171.836,691983.572,,None,691983.572,464337.262,464337.262,7/13/2013 0:00,7,July
922,structure,Syria,orci,1350,169.03,401.836,542478.6,,None,542478.6,314288.1,314288.1,10/31/2010 0:00,10,October
923,encoding,Norway,ante,454,42.56,78.072,35444.688,,None,35444.688,16122.448,16122.448,7/30/2021 0:00,7,July
924,coherent,Indonesia,auctor,2847,22.52,58.024,165194.328,,None,165194.328,101079.888,101079.888,6/24/2021 0:00,6,June
925,reciprocal,Benin,pharetra,4065,225.3,386.36,1570553.4,0.06,Discount Applied,1570553.4,654708.9,654708.9,2/5/2013 0:00,2,February
926,budgetary management,Sweden,pede,200,25.12,154.144,30828.8,,None,30828.8,25804.8,25804.8,7/6/2012 0:00,7,July
927,Exclusive,Portugal,id,1632,31.48,39.776,64914.432,,None,64914.432,13539.072,13539.072,10/19/2010 0:00,10,October
928,Progressive,Netherlands,ridiculus,526,230.55,425.66,223897.16,,None,223897.16,102627.86,102627.86,10/20/2012 0:00,10,October
929,Assimilated,Pakistan,praesent,133,91.28,230.536,30661.288,,None,30661.288,18521.048,18521.048,12/1/2010 0:00,12,December
930,Right-sized,China,hac,3294,219.07,348.884,1149223.896,,None,1149223.896,427607.316,427607.316,9/21/2013 0:00,9,September
931,explicit,Mexico,etiam,2000,90.17,157.204,314408,,None,314408,134068,134068,7/5/2018 0:00,7,July
932,bandwidth-monitored,Luxembourg,venenatis,3629,117.91,293.492,1065082.468,,None,1065082.468,637187.078,637187.078,1/30/2016 0:00,1,January
933,asynchronous,China,et,4166,125.88,300.056,1250033.296,,None,1250033.296,725617.216,725617.216,10/23/2016 0:00,10,October
934,attitude-oriented,Vietnam,nulla,1154,70.56,107.672,124253.488,,None,124253.488,42827.248,42827.248,7/6/2016 0:00,7,July
935,website,Zambia,et,488,60.44,192.528,93953.664,,None,93953.664,64458.944,64458.944,10/15/2011 0:00,10,October
936,Profound,Cameroon,erat,616,189.13,247.956,152740.896,,None,152740.896,36236.816,36236.816,3/20/2019 0:00,3,March
937,heuristic,Palestinian Territory,in,1256,61.56,180.872,227175.232,,None,227175.232,149855.872,149855.872,5/29/2015 0:00,5,May
938,open architecture,Ukraine,in,1156,186.84,389.208,449924.448,,None,449924.448,233937.408,233937.408,8/19/2020 0:00,8,August
939,3rd generation,Indonesia,nisl,3173,45.86,92.032,292017.536,,None,292017.536,146503.756,146503.756,9/5/2012 0:00,9,September
940,data-warehouse,Armenia,euismod,2170,42.33,193.796,420537.32,,None,420537.32,328681.22,328681.22,6/1/2012 0:00,6,June
941,24/7,China,ut,1759,231.55,359.86,632993.74,,None,632993.74,225697.29,225697.29,6/25/2015 0:00,6,June
942,Total,Venezuela,vel,3829,114.99,187.988,719806.052,,None,719806.052,279509.342,279509.342,11/17/2015 0:00,11,November
943,Diverse,France,at,1408,21.43,110.716,155888.128,0.05,Discount Applied,155888.128,125714.688,125714.688,11/29/2020 0:00,11,November
944,workforce,Mongolia,ante,149,142.19,207.628,30936.572,,None,30936.572,9750.262,9750.262,4/4/2015 0:00,4,April
945,incremental,Chile,placerat,1300,83.49,121.188,157544.4,,None,157544.4,49007.4,49007.4,2/15/2020 0:00,2,February
946,Multi-lateral,Mongolia,ut,184,119.89,325.868,59959.712,,None,59959.712,37899.952,37899.952,5/28/2015 0:00,5,May
947,complexity,China,semper,1444,94.07,191.884,277080.496,,None,277080.496,141243.416,141243.416,11/22/2014 0:00,11,November
948,object-oriented,Sweden,in,3394,66.3,179.56,609426.64,,None,609426.64,384404.44,384404.44,4/9/2019 0:00,4,April
949,object-oriented,Canada,ultrices,1317,35.99,178.188,234673.596,,None,234673.596,187274.766,187274.766,11/28/2018 0:00,11,November
950,matrices,United States,placerat,2679,135.62,250.744,671743.176,,None,671743.176,308417.196,308417.196,11/16/2014 0:00,11,November
951,methodical,Poland,vel,1604,225.18,458.216,734978.464,,None,734978.464,373789.744,373789.744,4/27/2021 0:00,4,April
952,array,Kazakhstan,rhoncus,3613,153.14,264.768,956606.784,,None,956606.784,403311.964,403311.964,12/19/2015 0:00,12,December
953,paradigm,Czech Republic,velit,2563,150.13,305.156,782114.828,,None,782114.828,397331.638,397331.638,4/11/2013 0:00,4,April
954,Ergonomic,Russia,mi,2394,34.68,78.616,188206.704,,None,188206.704,105182.784,105182.784,8/4/2021 0:00,8,August
955,superstructure,China,magna,602,236.8,338.16,203572.32,,None,203572.32,61018.72,61018.72,6/28/2014 0:00,6,June
956,protocol,Philippines,cubilia,707,17.21,162.652,114994.964,0.07,Discount Applied,114994.964,102827.494,102827.494,2/27/2020 0:00,2,February
957,well-modulated,Brazil,in,965,241.29,320.548,309328.82,,None,309328.82,76483.97,76483.97,7/19/2010 0:00,7,July
958,real-time,Ghana,ut,1664,158.28,276.936,460821.504,,None,460821.504,197443.584,197443.584,12/25/2021 0:00,12,December
959,throughput,Czech Republic,rhoncus,4216,208.9,281.68,1187562.88,,None,1187562.88,306840.48,306840.48,4/25/2017 0:00,4,April
960,Reduced,Pakistan,quam,1136,65.58,263.696,299558.656,,None,299558.656,225059.776,225059.776,1/24/2014 0:00,1,January
961,Focused,China,blandit,3362,169.99,333.988,1122867.656,,None,1122867.656,551361.276,551361.276,10/10/2014 0:00,10,October
962,alliance,Egypt,quis,54,249.91,346.892,18732.168,,None,18732.168,5237.028,5237.028,11/2/2014 0:00,11,November
963,data-warehouse,Sweden,adipiscing,2139,183.69,307.428,657588.492,,None,657588.492,264675.582,264675.582,6/10/2014 0:00,6,June
964,bottom-line,Philippines,bibendum,698,9.52,50.424,35195.952,,None,35195.952,28550.992,28550.992,7/15/2011 0:00,7,July
965,24/7,France,ut,2915,51.49,231.788,675662.02,,None,675662.02,525568.67,525568.67,12/3/2015 0:00,12,December
966,Adaptive,Nicaragua,maecenas,3880,155.23,188.276,730510.88,,None,730510.88,128218.48,128218.48,7/9/2016 0:00,7,July
967,multi-state,Portugal,mollis,2716,230.32,355.384,965222.944,,None,965222.944,339673.824,339673.824,8/22/2015 0:00,8,August
968,Distributed,Russia,lacus,3527,72.7,232.24,819110.48,,None,819110.48,562697.58,562697.58,12/23/2016 0:00,12,December
969,infrastructure,Kenya,turpis,166,241.91,449.292,74582.472,,None,74582.472,34425.412,34425.412,12/21/2014 0:00,12,December
970,Assimilated,Indonesia,nec,2295,114.23,172.076,394914.42,,None,394914.42,132756.57,132756.57,1/2/2020 0:00,1,January
971,reciprocal,Philippines,vel,3419,209.42,348.304,1190851.376,,None,1190851.376,474844.396,474844.396,8/1/2014 0:00,8,August
972,neutral,Albania,nunc,922,178.31,246.972,227708.184,,None,227708.184,63306.364,63306.364,11/26/2013 0:00,11,November
973,discrete,Indonesia,sed,2188,104.39,221.268,484134.384,,None,484134.384,255729.064,255729.064,12/26/2012 0:00,12,December
974,success,China,volutpat,3634,214.14,449.968,1635183.712,,None,1635183.712,856998.952,856998.952,7/19/2021 0:00,7,July
975,asynchronous,Bosnia and Herzegovina,et,1988,195.89,434.068,862927.184,,None,862927.184,473497.864,473497.864,7/17/2021 0:00,7,July
976,forecast,Brazil,tempus,4147,244.07,411.884,1708082.948,,None,1708082.948,695924.658,695924.658,4/26/2013 0:00,4,April
977,groupware,Palestinian Territory,faucibus,1350,249.26,457.112,617101.2,,None,617101.2,280600.2,280600.2,6/6/2014 0:00,6,June
978,Sharable,United States,tortor,4385,184.04,346.848,1520928.48,,None,1520928.48,713913.08,713913.08,3/26/2011 0:00,3,March
979,Re-engineered,Spain,molestie,546,83.1,156.72,85569.12,,None,85569.12,40196.52,40196.52,6/5/2013 0:00,6,June
980,knowledge user,Japan,non,4080,137.62,214.144,873707.52,0.06,Discount Applied,873707.52,312217.92,312217.92,7/29/2014 0:00,7,July
981,motivating,Indonesia,cum,937,174.71,306.652,287332.924,0.02,Discount Applied,287332.924,123629.654,123629.654,5/12/2018 0:00,5,May
982,dedicated,Russia,diam,4363,159.93,373.916,1631395.508,,None,1631395.508,933620.918,933620.918,9/12/2013 0:00,9,September
983,incremental,Brazil,erat,3012,204.01,348.812,1050621.744,,None,1050621.744,436143.624,436143.624,3/2/2019 0:00,3,March
984,methodology,Lebanon,maecenas,2606,198.01,406.612,1059630.872,,None,1059630.872,543616.812,543616.812,9/6/2017 0:00,9,September
985,Innovative,Senegal,lacus,260,109.41,151.292,39335.92,0.03,Discount Applied,39335.92,10889.32,10889.32,5/1/2020 0:00,5,May
986,Optional,Portugal,vulputate,87,181.46,383.752,33386.424,,None,33386.424,17599.404,17599.404,10/4/2019 0:00,10,October
987,Open-source,Brazil,nulla,1373,51.54,224.848,308716.304,,None,308716.304,237951.884,237951.884,12/26/2012 0:00,12,December
988,product,Czech Republic,venenatis,2330,168.63,340.356,793029.48,,None,793029.48,400121.58,400121.58,7/6/2019 0:00,7,July
989,Extended,Czech Republic,augue,1735,206.84,377.208,654455.88,0.03,Discount Applied,654455.88,295588.48,295588.48,11/2/2021 0:00,11,November
990,encompassing,United States,tincidunt,3639,111.72,279.064,1015513.896,,None,1015513.896,608964.816,608964.816,10/17/2021 0:00,10,October
991,24 hour,Peru,urna,1978,148.21,246.852,488273.256,,None,488273.256,195113.876,195113.876,2/8/2016 0:00,2,February
992,portal,Indonesia,nam,736,120.45,228.54,168205.44,,None,168205.44,79554.24,79554.24,5/8/2017 0:00,5,May
993,responsive,China,vestibulum,1877,85.12,150.144,281820.288,,None,281820.288,122050.048,122050.048,12/24/2010 0:00,12,December
994,zero tolerance,China,non,1510,125.71,158.852,239866.52,,None,239866.52,50044.42,50044.42,12/23/2015 0:00,12,December
995,open architecture,China,cursus,2653,35.4,124.48,330245.44,,None,330245.44,236329.24,236329.24,10/13/2013 0:00,10,October
996,info-mediaries,Bulgaria,in,2836,248.6,335.32,950967.52,,None,950967.52,245937.92,245937.92,11/28/2020 0:00,11,November
997,didactic,Portugal,venenatis,2243,112.02,245.424,550486.032,,None,550486.032,299225.172,299225.172,6/26/2020 0:00,6,June
998,Seamless,China,nam,839,54.98,250.976,210568.864,,None,210568.864,164440.644,164440.644,4/3/2016 0:00,4,April
999,Ameliorated,China,sed,4264,232.97,445.564,1899884.896,,None,1899884.896,906500.816,906500.816,10/29/2010 0:00,10,October
1000,projection,China,orci,2328,79.77,119.724,278717.472,,None,278717.472,93012.912,93012.912,10/26/2020 0:00,10,October
